Date,Actualized Sales,Total IMP,Total Clicks,Total Sales,Total Device Sales,Total SIM Sales,Total Cost,Gross Adds,Total.CPS,Total.CPGA,SEM IMP,SEM Clicks,SEM Device Sales,SEM SIM Sales,SEM Cost,SEM.Gross Adds,SEM.CPS,SEM.CPGA,CPA IMP,CPA Clicks,CPA Device Sales,CPA SIM Sales,CPA Total Sales,CPA.Gross Adds,CPA.CPS,CPA.CPGA,Mid-Funnel Display IMP,Mid-Funnel Display Clicks,Mid-Funnel SEM IMP,Mid-Funnel SEM Clicks,Mid-Funnel Device Sales,Mid-Funnel SIM Sales,Mid-Funnel Cost,Mid.Gross Adds,Mid.CPS,Mid.CPGA
1/1/2014,2074,42959755,84316,2173,1280,893,107267,1980.11,49.36355269,54.17224296,460216,47007,142,106,12261,225.7,49.43951613,54.32432432,6705681,17628,793,493,63373,1174.33,49.27916019,53.96523975,35615006,18656,178852,1025,345,294,31633,580.08,49.50391236,54.5321335
1/2/2014,2482,38850141,91535,2637,1382,1255,130311,2390.93,49.41638225,54.50222298,529948,55930,135,104,11794,217.38,49.34728033,54.25522127,7663758,19423,800,739,76001,1394.93,49.38336582,54.48373754,30451424,15138,205011,1044,447,412,42516,778.62,49.49476135,54.60429992
1/3/2014,2781,38000550,108171,2982,1787,1195,147492,2719.43,49.46076459,54.23636571,554183,77099,226,130,17611,325.54,49.46910112,54.09780672,6552522,17106,1002,728,85541,1575.24,49.44566474,54.30347122,30690492,12926,203353,1040,559,337,44340,818.65,49.48660714,54.16234044
1/4/2014,2099,34945824,81808,2209,1269,940,108830,2010.66,49.26663649,54.12650572,481669,55835,167,107,13529,250.07,49.37591241,54.10085176,5437542,13683,709,549,61925,1144.09,49.22496025,54.12598659,28848298,11320,178315,970,393,284,33376,616.5,49.29985229,54.1378751
1/5/2014,1953,35010683,77935,2086,1201,885,102936,1898.89,49.34611697,54.20851129,449308,50896,154,104,12666,235.24,49.09302326,53.84288386,5872303,14231,692,542,60927,1122.02,49.37358185,54.3011711,28520147,11838,168925,970,355,239,29343,541.63,49.3989899,54.17535956
1/6/2014,2243,38861143,80058,2390,1299,1091,117981,2170.23,49.36443515,54.36336241,470163,52888,170,105,13541,251.15,49.24,53.91598646,5883283,14105,731,641,67685,1244.81,49.33309038,54.37375985,32317288,11976,190409,1089,398,345,36755,674.27,49.46837147,54.51080428
1/7/2014,2128,34080747,63922,2274,1258,1016,112321,2066.44,49.3935796,54.35483247,428675,38435,130,71,9905,183.97,49.27860697,53.84030005,5747450,13654,755,586,66225,1219.52,49.38478747,54.30415245,27721824,10797,182798,1036,373,359,36191,662.95,49.44125683,54.59084396
1/8/2014,2245,30904351,81073,2296,1327,969,113303,2090.41,49.34799652,54.20132893,494718,56756,131,74,10079,187.52,49.16585366,53.74893345,5409085,12180,773,561,65729,1214.69,49.27211394,54.11174868,24791037,10467,209511,1670,423,334,37495,688.2,49.53104359,54.48270851
1/9/2014,2006,34228501,72020,2143,1192,951,105835,1947.85,49.38637424,54.33426599,488064,48409,120,72,9471,175.44,49.328125,53.98426813,5244010,12022,675,552,60524,1114.74,49.32681337,54.2942749,28298576,10259,197851,1330,397,327,35840,657.67,49.50276243,54.49541563
1/10/2014,2186,26529999,70487,2413,1298,1115,119257,2190.17,49.42271032,54.45102435,479277,48337,132,75,10222,189.33,49.38164251,53.99038715,4645861,12317,752,700,71670,1315.88,49.35950413,54.46545278,21149002,8405,255859,1428,414,340,37365,684.96,49.55570292,54.55063069
1/11/2014,1707,23113354,64193,1836,1043,793,90558,1670.33,49.32352941,54.21563404,463400,44470,293,149,21753,405.05,49.21493213,53.70448093,3949557,10653,419,358,38335,705.32,49.33719434,54.35121647,18437279,7445,263118,1625,331,286,30470,559.96,49.38411669,54.41460104
1/12/2014,1639,23275566,61205,1747,1009,738,86185,1590.52,49.33314253,54.18668109,436739,42301,294,142,21441,399.9,49.1766055,53.61590398,3854576,9733,393,337,35997,662.61,49.3109589,54.32607416,18692970,7673,291281,1498,322,259,28747,528.01,49.47848537,54.44404462
1/13/2014,1945,25831667,66352,2093,1077,1016,103490,1896.3,49.44577162,54.5746981,462897,46771,300,195,24393,451.65,49.27878788,54.008635,4266425,9931,432,465,44331,810.63,49.42140468,54.68709522,20794082,8023,308263,1627,345,356,34766,634.02,49.59486448,54.83423236
1/14/2014,1899,26633259,67212,2026,1138,888,99783,1842.28,49.25123396,54.16277656,468837,46681,343,156,24469,458.14,49.03607214,53.40943816,4235580,10913,426,420,41691,765.84,49.28014184,54.43826387,21512813,7972,416029,1646,369,312,33623,618.3,49.37298091,54.37975093
1/15/2014,2047,26222379,64628,2209,1257,952,108983,2009.82,49.3358986,54.225254,471266,44558,365,171,26372,491.87,49.20149254,53.61579279,4289613,10271,428,415,41538,763.37,49.27402135,54.41398011,21007780,8142,453720,1657,464,366,41073,754.58,49.48554217,54.43160434
1/16/2014,2076,26490651,64394,2224,1253,971,109723,2022.59,49.33588129,54.24876025,477833,44361,343,218,27673,512.08,49.32798574,54.04038431,4221508,9891,485,414,44238,816.08,49.2080089,54.20792079,21374650,8415,416660,1727,425,339,37812,694.43,49.4921466,54.45041257
1/17/2014,1955,23858783,57921,2247,1230,1017,111000,2040.99,49.39919893,54.3853718,461627,40208,332,168,24702,458.24,49.404,53.90625,3490958,8503,465,554,50290,919.08,49.35230618,54.71776124,19464813,7530,441385,1680,433,295,36008,663.67,49.46153846,54.25588018
1/18/2014,1700,21991009,52911,1845,1049,796,90941,1678.58,49.29051491,54.17734037,439751,36530,354,193,26929,500.67,49.23034735,53.78592686,3126204,8041,374,291,32729,604.73,49.21654135,54.12167414,17953451,6637,471603,1703,321,312,31283,573.18,49.42022117,54.57796853
1/19/2014,1452,22337987,51332,1566,922,644,77274,1426.96,49.34482759,54.15288445,432152,34529,255,144,19684,364.98,49.33333333,53.93172229,3132098,7797,335,262,29421,542.84,49.28140704,54.19829047,18261727,7281,512010,1725,332,238,28169,519.14,49.41929825,54.26089302
1/20/2014,1779,24505208,55628,1904,1072,832,93847,1731.52,49.28939076,54.1992007,450014,37227,293,174,23019,426.8,49.29122056,53.9339269,3664155,8750,377,332,34927,643.22,49.26234133,54.30023942,19877292,7885,513747,1766,402,326,35901,661.5,49.31456044,54.27210884
1/21/2014,1636,28293415,74577,1727,972,755,84932,1570.53,49.17892299,54.07855947,499553,51965,115,99,10551,194.23,49.30373832,54.32219534,4342054,10281,521,381,44214,821.21,49.01773836,53.84006527,22989318,10579,462490,1752,336,275,30167,555.09,49.37315876,54.34614207
1/22/2014,1777,28588840,65005,1932,1085,847,95084,1756.79,49.21532091,54.12371427,465885,40626,133,85,10725,198.97,49.19724771,53.90259838,4986160,11448,551,458,49576,916.4,49.13379584,54.09864688,22685702,11179,451093,1752,401,304,34783,641.42,49.33758865,54.22811886
1/23/2014,2756,32757915,67687,2925,2113,812,144826,2692.66,49.51316239,53.78547607,504794,41114,209,73,13943,259.97,49.44326241,53.63311151,5001364,12242,1178,456,80849,1504.04,49.47919217,53.7545544,26814804,12568,436953,1763,726,283,50034,928.65,49.5877106,53.87821031
1/24/2014,2344,31351946,68795,2495,1736,759,123207,2292.17,49.38156313,53.75124882,497772,41304,135,81,10660,197.37,49.35185185,54.01023458,5249870,12261,993,361,66783,1247.49,49.32274742,53.53389606,25191926,13494,412378,1736,608,317,45764,847.31,49.47459459,54.0109287
1/25/2014,1516,28357094,64757,1615,980,635,79506,1473.65,49.22972136,53.95175245,502310,38455,120,66,9156,170.22,49.22580645,53.78921396,5194760,12927,491,310,39326,731.24,49.09612984,53.77988075,22227601,11707,432423,1668,369,259,31024,572.19,49.40127389,54.21975218
1/26/2014,1459,28449663,61820,1555,974,581,76614,1421.03,49.26945338,53.91441419,491535,36302,101,62,8048,148.88,49.37423313,54.05695862,5152140,12435,492,265,37240,693.03,49.19418758,53.73504754,22338359,11362,467629,1721,381,254,31326,579.12,49.33228346,54.09241608
1/27/2014,2433,33541754,72536,2575,1766,809,127368,2363.87,49.46330097,53.8811356,500553,43331,173,98,13437,247.88,49.58302583,54.20768114,6464733,14092,1053,417,72617,1352.61,49.39931973,53.68657632,26063841,13336,512627,1777,540,294,41314,763.38,49.53717026,54.11983547
1/28/2014,2551,30084892,71582,2674,1854,820,132315,2456.16,49.48204936,53.87067618,512218,41833,162,83,12088,224.49,49.33877551,53.8464965,6257972,14562,1134,383,75030,1399.17,49.45945946,53.6246489,22793444,13244,521258,1943,558,354,45197,832.5,49.55811404,54.29069069
1/29/2014,2033,24652533,73769,2157,1454,703,106509,1978.37,49.3783032,53.83674439,511613,46260,150,95,12086,223.65,49.33061224,54.03979432,5897387,13676,764,322,53566,998.3,49.32412523,53.65721727,17743355,11907,500178,1926,540,286,40857,756.42,49.46368039,54.01364321
1/30/2014,1826,28160899,90403,1961,1238,723,96558,1792.73,49.23916369,53.86087141,562882,57818,152,101,12485,230.75,49.34782609,54.10617551,6012730,18487,640,362,49240,916.54,49.14171657,53.72378729,21066776,12093,518511,2005,446,260,34833,645.44,49.33852691,53.96783589
1/31/2014,2441,23344234,106407,2627,1724,903,129650,2406.17,49.352874,53.88231089,733909,76226,304,164,23137,428.44,49.43803419,54.00289422,5744486,15272,870,455,65285,1213.65,49.27169811,53.79227949,16063305,11266,802534,3643,550,284,41228,764.08,49.43405276,53.95770076
2/1/2014,1813,23157617,100888,1770,1118,652,87364,1618.16,49.35819209,53.98971672,756984,71614,186,115,14946,274.89,49.65448505,54.37083924,5507694,14078,552,283,41077,765.09,49.19401198,53.68910847,16051916,11384,841023,3812,380,254,31341,578.18,49.43375394,54.20630254
2/2/2014,1602,24108359,97818,1685,1068,617,83122,1540.71,49.3305638,53.95045142,720671,68849,170,144,15530,285.08,49.45859873,54.47593658,5982259,13828,495,254,36893,686.28,49.25634179,53.75794137,16596620,11129,808809,4012,403,219,30699,569.35,49.35530547,53.91938175
2/3/2014,2297,27451928,107821,2486,1583,903,122706,2273.63,49.35880933,53.96920343,857509,76578,285,145,21229,394.05,49.36976744,53.87387387,6117553,13277,756,451,59523,1103.01,49.31483016,53.96415264,19634940,13784,841926,4182,542,307,41954,776.57,49.41578327,54.02474986
2/4/2014,2072,28134327,120170,2185,1409,776,107639,1999.58,49.26270023,53.83080447,794253,82178,252,152,19932,369.12,49.33663366,53.99869961,5927614,12124,639,386,50466,936.48,49.23512195,53.88903127,20874975,23669,537485,2199,518,238,37241,693.98,49.26058201,53.66292977
2/5/2014,2092,30071068,100886,2202,1492,710,108555,2020.18,49.29836512,53.73531071,707654,64755,263,123,19061,354.23,49.38082902,53.80967168,6464891,11641,670,342,49832,927.34,49.24110672,53.73649363,22387534,22445,510989,2045,559,245,39662,738.61,49.33084577,53.69816277
2/6/2014,2443,28439448,109958,2571,1697,874,126982,2355.56,49.39012058,53.90735112,757118,74110,272,171,21933,404.45,49.51015801,54.22920015,6171634,13578,743,363,54512,1014.23,49.2875226,53.74717766,20958634,20395,552062,1875,682,340,50537,936.88,49.44911937,53.94180685
2/7/2014,2677,25001688,104911,2836,1909,927,140033,2600.95,49.37693935,53.83917415,785254,72880,356,166,25854,479.06,49.52873563,53.9681877,5314591,11104,809,436,61353,1139.78,49.27951807,53.82880907,18385156,19099,516687,1828,744,325,52826,982.11,49.41627689,53.78827219
2/8/2014,2625,22084900,99715,2770,1883,887,136656,2541.71,49.33429603,53.76537843,788265,69404,387,181,28058,521.25,49.39788732,53.82829736,4687008,9724,809,392,59127,1101.5,49.23147377,53.67862006,16057816,18742,551811,1845,687,314,49471,918.96,49.42157842,53.83368155
2/9/2014,2451,22959492,102458,2566,1725,841,126691,2353.17,49.37295401,53.83843921,789660,71992,377,145,25756,480.53,49.34099617,53.59915094,4588272,9801,659,426,53502,990.08,49.31059908,54.03805753,17074672,18741,506888,1924,689,270,47433,882.56,49.46089677,53.74478789
2/10/2014,3441,24879025,107650,3562,2503,1059,176230,3274.15,49.47501404,53.82465678,805333,77962,552,193,36838,686.79,49.44697987,53.63793882,5551872,10608,998,464,72237,1341.8,49.40971272,53.83589209,17980077,17068,541743,2012,953,402,67155,1245.56,49.56088561,53.91550788
2/11/2014,3466,26077192,105082,3612,2489,1123,178707,3316.67,49.47591362,53.88145339,751283,74558,500,190,34181,635.3,49.53768116,53.80292775,5878064,11070,948,519,72392,1342.65,49.3469666,53.91725319,18937912,17546,509933,1908,1041,414,72134,1338.72,49.5766323,53.88281343
2/12/2014,4162,28393336,109923,4311,3211,1100,213387,3975.34,49.49826026,53.67767285,804620,78045,759,241,49592,923.13,49.592,53.72157768,5848801,11247,1236,470,84217,1570.74,49.36518171,53.61612998,21143169,18641,596746,1990,1216,389,79578,1481.47,49.58130841,53.7155663
2/13/2014,3805,28132527,107481,3960,2829,1131,195915,3643.23,49.47348485,53.7750842,804249,76199,657,252,45065,836.82,49.57645765,53.85268039,5262325,11221,1072,504,77779,1446.16,49.35215736,53.7831222,21491783,18120,574170,1941,1100,375,73071,1360.25,49.53966102,53.71880169
2/14/2014,3257,27764997,103288,3389,2342,1047,167454,3112.37,49.4110357,53.80272911,761447,72285,467,207,33345,619.07,49.47329377,53.86305264,5215437,10173,862,455,64899,1206.13,49.27790433,53.80763268,21257395,18981,530718,1849,1013,385,69210,1287.17,49.50643777,53.76912141
2/15/2014,2934,23158863,103623,3093,2097,996,152863,2837.7,49.42224378,53.868626,843246,75115,467,201,33044,613.85,49.46706587,53.83074041,4508957,10994,737,423,57192,1060.79,49.30344828,53.91453539,17242621,15461,564039,2053,893,372,62627,1163.06,49.50750988,53.84674909
2/16/2014,3001,25844541,100868,3145,2174,971,155479,2888.33,49.43688394,53.83006789,827790,72117,400,199,29670,549.13,49.53255426,54.03092164,5084119,11019,816,381,59018,1098.51,49.30492899,53.72550091,19357251,15719,575381,2013,958,391,66791,1240.69,49.51148999,53.8337538
2/17/2014,3136,26090271,103044,3258,2183,1075,160831,2987.27,49.36494782,53.83878926,746439,74384,426,214,31655,586.62,49.4609375,53.96167877,4967787,11606,813,520,65641,1216.62,49.24306077,53.9535763,19817671,15028,558374,2026,944,341,63535,1184.03,49.44357977,53.65995794
2/18/2014,2499,33893540,107469,2638,1617,1021,130192,2408.25,49.3525398,54.06083255,727978,77018,304,168,23361,431.92,49.49364407,54.08640489,6199448,12402,648,487,55849,1032.81,49.2061674,54.07480563,26412747,16231,553367,1818,665,366,50982,943.52,49.44907856,54.03383076
2/19/2014,2513,32746733,103723,2636,1584,1052,130334,2404.2,49.44385432,54.21096415,727370,73500,297,208,25066,460.14,49.63564356,54.47472508,6353662,12615,619,477,54029,996.85,49.29653285,54.19972915,25092369,15733,573332,1875,668,367,51239,947.21,49.50628019,54.09465694
2/20/2014,2754,34454584,104263,2956,1773,1183,146088,2695.83,49.42083897,54.19036067,753865,73375,356,226,28859,531.26,49.58591065,54.321801,6412089,11985,674,531,59356,1095.53,49.25809129,54.1801685,26743973,16760,544657,2143,743,426,57873,1069.04,49.50641574,54.13548604
2/21/2014,2488,32682535,102735,2631,1654,977,129906,2404.75,49.37514253,54.02058426,759949,74104,296,180,23615,434.84,49.61134454,54.30733143,5785072,10664,664,449,54698,1014.79,49.14465409,53.90080706,25594077,15826,543437,2141,694,348,51593,955.12,49.5134357,54.01729626
2/22/2014,2178,29583740,95593,2329,1445,884,114939,2127.38,49.3512237,54.02842934,731829,68472,271,207,23655,434.83,49.4874477,54.40057034,5040595,10454,564,364,45611,846.84,49.14978448,53.86023334,23288990,14643,522326,2024,610,313,45673,845.71,49.48320693,54.00551016
2/23/2014,1988,30299310,96914,2082,1313,769,102911,1903.25,49.42891451,54.07119401,754254,68842,229,173,19920,365.77,49.55223881,54.46045329,5110260,10655,530,272,39543,734.84,49.30548628,53.81171411,23883775,15317,551021,2100,554,324,43448,802.64,49.48519362,54.13136649
2/24/2014,2417,35438421,109227,2557,1470,1087,126326,2327.49,49.40398905,54.27563599,844502,76690,254,176,21282,391.88,49.49302326,54.30744105,6633865,14138,574,536,54714,1005.88,49.29189189,54.39416233,27374700,16173,585354,2226,642,375,50330,929.73,49.48869223,54.13399589
2/25/2014,2281,34792839,106005,2394,1476,918,118111,2186.1,49.33625731,54.02817803,827718,72927,250,148,19706,363.76,49.51256281,54.17308115,7011524,14778,663,428,53631,995.58,49.15765353,53.86910143,26382681,16155,570916,2145,563,342,44774,826.76,49.47403315,54.15598239
2/26/2014,2423,36497084,112579,2555,1472,1083,125768,2325.89,49.22426614,54.0730645,826881,78453,252,132,18982,351.72,49.43229167,53.9690663,7202508,16371,620,618,60621,1120.46,48.96688207,54.10367171,27894685,15704,573010,2051,600,333,46165,853.71,49.48017149,54.07574001
2/27/2014,2371,34880654,115162,2506,1412,1094,123632,2279.06,49.33439745,54.24692636,816674,79867,234,177,20323,373.95,49.44768856,54.34683781,6787792,15092,595,560,56809,1046.5,49.18528139,54.28475872,26741712,18197,534476,2006,583,357,46500,858.61,49.46808511,54.15730075
2/28/2014,2654,39888843,114003,2859,1707,1152,141299,2606.82,49.42252536,54.20358905,823671,79554,253,207,22842,417.91,49.65652174,54.65770142,7176179,15478,718,550,62383,1153.42,49.19794953,54.08524215,31384452,16910,504541,2061,736,395,56074,1035.49,49.57913351,54.15214053
3/1/2014,2303,32379918,110720,2330,1329,1001,114952,2120.13,49.33562232,54.21931674,815672,77610,221,148,18235,336.5,49.41734417,54.19019316,6926581,15899,560,495,51915,957.05,49.20853081,54.2448148,24137706,15139,499959,2072,548,358,44802,826.58,49.45033113,54.20165017
3/2/2014,2212,35152999,111674,2223,1334,889,109875,2027.39,49.42645074,54.19529543,822966,76704,223,131,17485,323.59,49.39265537,54.03442628,7714246,17058,593,460,52021,957.62,49.40265907,54.32321798,26090304,15689,525483,2223,518,298,40369,746.18,49.47181373,54.10088719
3/3/2014,2949,35270713,117739,2984,1800,1184,147430,2722.08,49.40683646,54.16078881,859045,83043,266,176,21756,403.16,49.22171946,53.96368687,7981682,17206,783,584,67422,1244.1,49.32114119,54.19339281,25875062,15186,554924,2304,751,424,58252,1074.82,49.57617021,54.19698182
3/4/2014,2683,34387738,107077,2717,1687,1030,134312,2481.88,49.43393449,54.11704031,806747,74356,280,140,20744,385,49.39047619,53.88051948,7593959,16479,728,525,61846,1141.07,49.35833998,54.20000526,25426688,14147,560344,2095,679,365,51722,955.81,49.54214559,54.11326519
3/5/2014,2447,33296447,120894,2489,1542,947,122951,2273.37,49.3977501,54.08314529,822033,88527,245,109,17483,325.13,49.38700565,53.77233722,7261421,15902,689,496,58457,1079.18,49.33080169,54.16797939,24644946,13889,568047,2576,608,342,47011,869.06,49.48526316,54.09407866
3/6/2014,2285,33071826,92272,2323,1370,953,114674,2116.91,49.36461472,54.17046544,685717,60393,257,115,18343,341.63,49.30913978,53.6925914,7360378,14999,544,520,52440,963.76,49.28571429,54.41188678,24444302,15468,581429,1412,569,318,43891,811.52,49.48252537,54.08492705
3/7/2014,2339,29162804,101495,2365,1343,1022,116495,2151.56,49.25792812,54.14443474,710734,72027,139,143,13830,255.07,49.04255319,54.22041008,6170057,13557,600,540,56109,1033.8,49.21842105,54.27452118,21708709,14022,573304,1889,604,339,46556,862.69,49.37009544,53.96608283
3/8/2014,2076,28825644,94244,2089,1214,875,102899,1902.41,49.25753949,54.0887611,694465,66171,138,85,10979,203.67,49.23318386,53.90582806,5680429,12691,594,470,52338,967.26,49.18984962,54.10954655,21917933,13553,532817,1829,482,320,39582,731.48,49.35411471,54.11221086
3/9/2014,1818,25973379,91556,1829,1089,740,90089,1667.46,49.25587753,54.02768282,693863,65010,141,98,11766,217.8,49.23012552,54.02203857,5439481,11985,519,385,44472,822.81,49.19469027,54.04892989,19297041,12841,542994,1720,429,257,33851,626.85,49.34548105,54.00175481
3/10/2014,2347,26764059,95683,2350,1265,1085,115821,2133.05,49.28553191,54.29830524,719622,68470,223,124,17079,317.5,49.21902017,53.79212598,6319923,12222,573,599,57739,1059.75,49.26535836,54.48360462,19081761,13094,642753,1897,469,362,41003,755.8,49.34175692,54.25112464
3/11/2014,2143,26539554,89533,2166,1195,971,106724,1968.07,49.27239151,54.22774596,666675,63246,166,149,15510,285.67,49.23809524,54.29341548,5904944,11458,496,499,49000,900.37,49.24623116,54.42207093,19399925,12987,568010,1842,533,323,42214,782.03,49.31542056,53.98002634
3/12/2014,2145,27650079,96622,2164,1273,891,106643,1971.79,49.28049908,54.0843599,688152,68148,231,130,17820,330.24,49.36288089,53.96075581,6032804,12377,570,484,51862,956.88,49.20493359,54.19906362,20335327,14207,593796,1890,472,277,36961,684.67,49.34712951,53.98367097
3/13/2014,2218,25545651,99103,2238,1264,974,110244,2035.54,49.26005362,54.15958419,705308,70705,239,133,18260,340.37,49.08602151,53.64750125,5371614,11001,536,530,52465,964.94,49.21669794,54.37125624,18930196,15449,538533,1948,489,311,39519,730.23,49.39875,54.11856538
3/14/2014,2246,29418726,109234,2254,1263,991,111023,2049.39,49.25598935,54.17368095,737165,82678,206,146,17372,320.66,49.35227273,54.17576249,5908632,11054,556,539,53818,991.57,49.14885845,54.27554283,22191598,13030,581331,2472,501,306,39833,737.16,49.35935564,54.03575886
3/15/2014,1907,21874354,99790,1923,1141,782,94589,1752.88,49.18824753,53.96205102,701802,75433,193,102,14507,270.16,49.17627119,53.69780871,5035984,10402,531,428,47079,871.5,49.09176225,54.02065404,15593846,11647,542722,2308,417,252,33003,611.22,49.33183857,53.99528811
3/16/2014,2524,24383188,107359,2552,1757,795,124724,2343.23,48.87304075,53.22738272,740245,80879,223,136,17657,327.94,49.18384401,53.84216625,5649786,11458,752,405,56656,1059.23,48.96802074,53.48791103,17458145,12492,535012,2530,782,254,50411,956.06,48.65926641,52.72786227
3/17/2014,2674,30454624,84708,2708,1750,958,132707,2478.46,49.00553914,53.54413628,606260,59156,201,136,16600,307.26,49.25816024,54.0259064,5965869,11411,658,529,58229,1078.75,49.05560236,53.97821553,23356524,12806,525971,1335,891,293,57878,1092.45,48.88344595,52.97999908
3/18/2014,2202,25973665,101716,2231,1365,866,110087,2036.52,49.34424025,54.0564296,658242,77049,193,155,17160,316.27,49.31034483,54.25743826,5007182,11041,661,422,53368,988.48,49.27793167,53.98996439,19830529,11737,477712,1889,511,289,39559,731.77,49.44875,54.05933558
3/19/2014,2115,25178127,88764,2142,1199,943,105711,1947.47,49.35154062,54.2811956,618147,67069,174,170,17020,311.46,49.47674419,54.64586143,5064111,10429,572,469,51248,945.71,49.22958694,54.18997367,18981138,9467,514731,1799,453,304,37443,690.3,49.46235139,54.24163407
3/20/2014,1934,24807256,89556,1950,1061,889,96266,1770.77,49.36717949,54.36392078,599931,64187,197,121,15723,290.45,49.44339623,54.13324152,5153828,10295,475,441,45127,830.17,49.26528384,54.3587458,18558774,13291,494723,1783,389,327,35416,650.15,49.46368715,54.47358302
3/21/2014,1914,19801720,91048,1932,1011,921,95127,1751.61,49.23757764,54.30832206,557262,66387,151,137,14210,261.13,49.34027778,54.41734002,4623604,9272,450,472,45270,833.64,49.09978308,54.30401612,14129585,13606,491269,1783,410,312,35647,656.84,49.37257618,54.27044638
3/22/2014,1597,20720122,83697,1631,848,783,80157,1478.33,49.14592275,54.2213173,496713,59909,144,117,12861,237.15,49.27586207,54.23149905,4401831,9218,393,407,39253,723.51,49.06625,54.2535694,15330026,12893,491552,1677,311,259,28043,517.67,49.19824561,54.17157649
3/23/2014,1452,21375897,84306,1468,827,641,72205,1335.05,49.1859673,54.0841167,508802,61295,130,106,11471,214.42,48.6059322,53.49780804,4683136,9687,408,365,38122,701.07,49.31694696,54.37688105,15700971,11584,482988,1740,289,170,22612,419.56,49.26361656,53.8945562
3/24/2014,1951,22767909,88866,1999,1096,903,98280,1815.85,49.16458229,54.12341328,524175,67101,145,136,13888,254.62,49.42348754,54.54402639,5013412,9929,515,474,48555,896.48,49.0950455,54.16183295,16704850,10015,525472,1821,436,293,35837,664.75,49.15912209,53.91049267
3/25/2014,1971,23126044,99568,2071,1270,801,101535,1890.67,49.02704008,53.70318459,557965,76773,183,130,15396,285.12,49.1884984,53.9983165,5177309,10858,603,410,49586,923.52,48.94965449,53.69239432,16844333,10022,546437,1915,484,261,36553,682.03,49.06442953,53.59441667
3/26/2014,2022,21918399,98127,2141,1197,944,105156,1946.46,49.11536665,54.0242286,616623,69238,191,134,15993,296.12,49.20923077,54.00851006,4961328,10488,569,471,51002,944.63,49.04038462,53.9915099,15248719,9984,1091729,8417,437,339,38161,705.71,49.17654639,54.07461989
3/27/2014,2065,21105603,88734,2159,1225,934,106078,1964.08,49.13293191,54.00900167,473057,63615,160,134,14384,266.98,48.92517007,53.87669488,4646858,13342,619,495,54719,1012.51,49.11938959,54.04292303,15486391,10074,499297,1703,446,305,36975,684.59,49.23435419,54.0104296
3/28/2014,1980,21015689,85994,2077,1222,855,101896,1892.53,49.05922003,53.84115443,482122,62599,164,115,13765,254.21,49.33691756,54.14814523,4849129,10305,599,474,52589,975.44,49.0111836,53.91310588,15245259,11499,439179,1591,459,266,35542,662.88,49.02344828,53.61754767
3/29/2014,1753,19279262,85356,1800,1051,749,88261,1639.57,49.03388889,53.83179736,463862,59611,162,120,13881,256.68,49.22340426,54.07900888,4727238,10130,492,400,43636,810.48,48.91928251,53.83969993,13668403,14017,419759,1598,397,229,30744,572.41,49.11182109,53.7097535
3/30/2014,1626,23395727,84210,1689,1001,688,82862,1539.5,49.0597987,53.82396882,445274,58426,139,111,12318,227.23,49.272,54.20939137,5216969,10303,483,358,41194,765.48,48.98216409,53.81459999,17312124,13913,421360,1568,379,219,29350,546.79,49.08026756,53.67691435
3/31/2014,1992,22488786,85489,2091,1227,864,102657,1905.06,49.09469154,53.88649176,485023,62767,177,127,14965,276.87,49.22697368,54.05063748,5124082,9267,587,478,52175,967.64,48.99061033,53.91984622,16408191,11589,471490,1866,463,259,35517,660.55,49.19252078,53.76882901
4/1/2014,2053,27097366,95482,2125,1436,689,106678,1949.27,50.20141176,53.60109169,518067,69359,184,127,15641,283.45,50.2926045,53.96013406,6185525,11289,649,324,48747,891.94,50.09969168,53.52265847,19863901,12839,529873,1995,603,238,42290,773.88,50.28537455,53.55998346
4/2/2014,1842,26048395,90537,1904,1250,654,95487,1743.98,50.15073529,53.56024725,498988,63540,180,98,13977,254.46,50.27697842,53.83557337,6912010,12672,606,349,47859,873.27,50.11413613,53.67068604,18139912,12291,497485,2034,464,207,33651,616.25,50.15052161,53.29006085
4/3/2014,2196,24293225,89585,2252,1448,804,113107,2060.6,50.22513321,53.76346695,502897,64312,202,142,17320,313.42,50.34883721,54.16374194,6554636,12201,676,391,53520,975.61,50.15932521,53.72843657,16863080,11286,372612,1786,570,271,42267,771.57,50.25802616,53.64516505
4/4/2014,1955,26510927,90506,2003,1328,675,100670,1835.57,50.25961058,53.73371759,497007,62880,169,128,14965,270.22,50.38720539,54.2816964,6756104,12258,635,338,48850,890.96,50.20554985,53.69713567,18909038,13644,348778,1724,524,209,36855,674.39,50.27967258,53.56247868
4/5/2014,1551,22936484,79092,1601,1024,577,80293,1464.55,50.15178014,53.7072821,449733,55020,142,110,12687,229.18,50.3452381,54.25866131,5994426,10883,512,273,39299,718.79,50.06242038,53.58171371,16150901,11546,341424,1643,370,194,28307,516.58,50.18971631,53.63738434
4/6/2014,1558,24506147,79007,1598,991,607,80227,1459.63,50.20463079,53.84515254,452146,53482,155,94,12495,227.48,50.18072289,53.83330403,6610028,11867,439,325,38375,695.41,50.22905759,54.03431069,17086549,12053,357424,1605,397,188,29357,536.74,50.18290598,53.60509744
4/7/2014,1838,26344208,86597,1899,1189,710,95275,1735.36,50.17114271,53.74734925,492591,59691,164,104,13469,244.64,50.25746269,53.96092217,7268538,12642,626,394,51163,931.22,50.15980392,53.84656687,18241509,12559,341570,1705,399,212,30643,559.5,50.15220949,53.48882931
4/8/2014,1757,25728805,85082,1805,1142,663,90561,1650.29,50.17229917,53.76085415,480380,58714,177,90,13376,244.68,50.09737828,53.5760994,6751023,12112,574,370,47334,861.46,50.14194915,53.80981125,18151387,12616,346015,1640,391,203,29851,544.15,50.25420875,53.7664247
4/9/2014,1750,24635339,81604,1798,1103,695,90274,1641.47,50.2080089,53.87914491,458585,54887,152,87,12000,218.57,50.20920502,53.80884842,6628159,11705,556,407,48359,876.73,50.21703011,54.05997285,17198249,13439,350346,1573,395,201,29915,546.17,50.19295302,53.61700569
4/10/2014,1844,25166673,83695,1914,1292,622,96287,1755.62,50.30668757,53.71492692,448775,55130,175,109,14291,259.33,50.32042254,54.01226237,6418425,12094,630,306,47064,858.42,50.28205128,53.69516088,17969240,14936,330233,1535,487,207,34932,637.87,50.33429395,53.6206437
4/11/2014,1565,23765291,82248,1629,1021,608,82028,1488.7,50.35481891,54.00617989,452565,57396,141,109,12566,227.37,50.264,54.16721643,5712025,10904,512,307,41234,748.37,50.34676435,54.00403544,17284375,12417,316326,1531,368,192,28228,512.96,50.40714286,53.93792888
4/12/2014,1163,20010420,72243,1177,691,486,59153,1072.36,50.25743415,54.06393375,412834,49398,128,89,10923,197.75,50.33640553,54.13906448,5030534,9552,346,236,29184,530.56,50.1443299,53.9090772,14249794,11918,317258,1375,217,161,19046,344.05,50.38624339,54.2595553
4/13/2014,1251,21986029,73619,1272,763,509,63900,1160.05,50.23584906,53.98732813,431049,49913,92,84,8879,159.56,50.44886364,54.5437453,5671370,10221,364,261,31397,569.23,50.2352,54.05899197,15586697,12020,296913,1465,307,164,23624,431.26,50.15711253,53.68687103
4/14/2014,1650,24294388,87742,1661,997,664,83466,1514.86,50.25045154,53.97858548,511062,57715,238,205,22226,402.07,50.17155756,54.17713333,6122166,11221,412,261,33849,614.35,50.29569094,54.00179051,17027301,13464,633859,5342,347,198,27391,498.44,50.2587156,53.78982425
4/15/2014,1801,25010621,84340,1817,1120,697,91556,1659.19,50.38855256,54.08602993,510480,57365,183,128,15646,283.38,50.30868167,54.11461642,6185933,11738,569,339,45724,829.79,50.35682819,54.00884561,17964859,13602,349349,1635,368,230,30186,546.02,50.47826087,54.18849126
4/16/2014,2400,27736775,87217,2422,1747,675,122235,2229.43,50.46862097,53.74153932,485281,56425,205,97,15233,277.09,50.44039735,53.88501931,8436518,15303,920,343,63670,1163.21,50.41171813,53.65067357,18481935,13904,333041,1585,622,235,43332,789.13,50.56242707,53.82509853
4/17/2014,1723,25609084,83385,1790,1078,712,89846,1632.76,50.19329609,53.88789534,443446,53106,138,85,11202,203.67,50.23318386,53.90582806,8482814,15037,566,405,48746,884.39,50.20185376,53.98070987,16352789,13716,330035,1526,374,222,29898,544.7,50.16442953,53.73049385
4/18/2014,1688,26018558,82022,1763,1050,713,88529,1607.31,50.21497448,53.89501714,452507,53087,163,105,13529,244.57,50.48134328,54.22169522,7744594,13583,536,390,46462,843.14,50.174946,54.00763811,17527160,13916,294297,1436,351,218,28538,519.6,50.15465729,53.55850654
4/19/2014,1374,23230909,74839,1435,766,669,72083,1302.07,50.23205575,54.23133933,391384,46216,107,111,10948,197.15,50.22018349,54.42556429,7123962,12820,413,369,39288,709.25,50.24040921,54.24180472,15422805,14527,292758,1276,246,189,21847,395.67,50.22298851,54.11580357
4/20/2014,1203,21492863,69318,1245,800,445,62579,1139.15,50.26425703,53.84189966,365555,42311,126,77,10200,185.43,50.24630542,53.91252764,6654200,11598,418,225,32329,588.67,50.27838258,53.82642227,14163675,14251,309433,1158,256,143,20050,365.05,50.25062657,53.83098206
4/21/2014,1867,25564612,85740,1926,1124,802,96732,1754.3,50.22429907,54.04206806,457436,54478,161,93,12759,232.25,50.23228346,53.84284177,8374361,13881,600,445,52403,951.15,50.14641148,53.99568943,16411929,15876,320886,1505,363,264,31570,570.9,50.35087719,54.20038536
4/22/2014,2020,30059220,90739,2077,1266,811,104547,1895.61,50.33558016,54.03801415,463491,53936,168,90,12951,236.22,50.19767442,53.73380747,7991470,15097,711,475,59696,1081.59,50.33389545,54.06392441,21306074,20230,298185,1476,387,246,31900,577.8,50.39494471,54.11388024
4/23/2014,2148,30132686,91709,2223,1365,858,111715,2029.56,50.25416104,53.931394,474285,54917,177,99,13830,252.51,50.10869565,53.6770821,8037295,15045,793,477,63797,1160.41,50.23385827,53.85337941,21308008,20221,313098,1526,395,282,34088,616.64,50.35155096,54.18234302
4/24/2014,1923,21471143,83208,1999,1274,725,100386,1828.31,50.21810905,53.79394085,502968,58565,182,98,14063,256.34,50.225,53.76843255,7617004,13484,706,447,57895,1052.53,50.21248916,53.87684912,13009708,9531,341463,1628,386,180,28428,519.44,50.22614841,53.63853381
4/25/2014,1930,24197060,88800,1995,1292,703,100227,1826.09,50.23909774,53.79362463,468500,54225,172,100,13669,248.68,50.25367647,53.87244652,7044057,13717,716,376,54844,1000.16,50.22344322,53.74340106,16350178,19281,334325,1577,404,227,31714,577.25,50.25990491,53.84668688
4/26/2014,1482,22504495,80035,1555,1006,549,77918,1423.27,50.10803859,53.65320705,418433,48246,145,87,11633,211.99,50.14224138,53.78083872,6186269,12609,538,307,42271,772.81,50.02485207,53.60437883,15569353,17706,330440,1474,323,155,24014,438.47,50.23849372,53.67756061
4/27/2014,1549,23838002,83910,1614,1030,584,81016,1476.28,50.19578686,53.76148156,448210,50137,142,76,10926,199.6,50.11926606,53.64729459,6724025,13270,568,348,46003,836.68,50.22161572,53.84615385,16306675,18959,359092,1544,320,160,24087,440,50.18125,53.65227273
4/28/2014,2236,26720325,107561,2321,1543,778,116732,2127.28,50.29383886,53.7169531,590234,69443,186,195,19143,344.49,50.24409449,54.46311939,7727520,15938,881,365,62615,1145.69,50.25280899,53.4429034,17853119,19972,549452,2208,476,218,34974,637.1,50.39481268,53.80630984
4/29/2014,1772,26312329,81564,1819,1150,669,91373,1663.03,50.23254535,53.84990048,445665,43167,149,93,12143,220.97,50.17768595,53.85798977,7786310,15997,596,369,48464,881.27,50.22176166,53.89835124,17571672,21000,508682,1400,405,207,30766,560.79,50.27124183,53.77057366
4/30/2014,2314,27673360,107706,2376,1564,812,119586,2176.6,50.33080808,53.85004135,486340,67971,204,97,15156,276.15,50.35215947,53.79322832,8029573,16517,864,501,68662,1248.03,50.3018315,53.92258199,18742049,21353,415398,1865,496,214,35768,652.42,50.37746479,53.73532387
5/1/2014,2489,24931600,112046,2603,1718,885,130953,2384.87,50.3084902,53.80377127,495384,74604,347,130,23981,439.28,50.27463312,53.50573666,6928498,14680,885,505,69880,1271.25,50.27338129,53.87610619,16983815,19928,523903,2834,486,250,37092,674.34,50.39673913,53.86155352
5/2/2014,2253,24683707,116218,2342,1572,770,117617,2147.58,50.22075149,53.62780432,503548,77848,332,151,24281,443.45,50.27122153,53.66557673,6900938,15349,799,417,61038,1113.85,50.19572368,53.67598869,16793292,20259,485929,2762,441,202,32298,590.28,50.23017107,53.50850444
5/3/2014,1849,22247563,102911,1901,1250,651,95370,1741.37,50.16833246,53.6755543,449817,64426,302,107,20491,376.97,50.1002445,53.27214367,6125973,14039,628,391,51103,930.49,50.1501472,53.82540382,15245469,22072,426304,2374,320,153,23776,433.91,50.26638478,53.7046853
5/4/2014,1803,23815500,103861,1886,1295,591,94689,1731.47,50.20625663,53.55738188,447462,64174,258,119,18924,346.05,50.19628647,53.59630111,6817275,15158,701,300,50242,919.94,50.19180819,53.48827097,16104666,22065,446097,2464,336,172,25523,465.48,50.24212598,53.66503394
5/5/2014,2169,26006854,112964,2209,1535,674,110978,2029.28,50.23902218,53.58255145,491924,71031,266,92,17990,330.08,50.25139665,53.41735337,7417511,15891,818,393,60872,1110.83,50.26589595,53.70848825,17619253,23425,478166,2617,451,189,32116,588.37,50.18125,53.43746282
5/6/2014,2160,24789758,108349,2239,1424,815,112325,2047.61,50.16748548,53.74607469,494996,68362,287,111,19939,366.35,50.09798995,53.33970247,7126471,15382,775,483,63152,1148.71,50.20031797,53.88131034,16706008,22379,462283,2226,362,221,29234,532.55,50.14408233,53.7339217
5/7/2014,2063,24950483,107559,2125,1418,707,106564,1948.01,50.14776471,53.61317447,494804,67308,314,99,20701,381.29,50.12348668,53.20884366,7350750,15494,747,418,58333,1065.84,50.07124464,53.63656834,16681540,22833,423389,1924,357,190,27530,500.88,50.32906764,53.87118671
5/8/2014,2125,22431515,110283,2201,1458,743,110605,2016.93,50.25215811,53.74703138,505768,71817,335,121,22934,420.17,50.29385965,53.49739391,6406790,14319,718,437,58027,1055.11,50.23982684,53.90148894,15031731,22112,487226,2035,405,185,29644,541.65,50.2440678,53.6398043
5/9/2014,2197,21059124,99299,2261,1579,682,113730,2077.6,50.30075188,53.65277243,446359,63460,354,99,22743,418.89,50.20529801,53.21206045,5849194,12857,845,388,61989,1131.86,50.27493917,53.67801672,14304831,21070,458740,1912,380,195,28998,526.85,50.43130435,53.94894182
5/10/2014,1745,19567825,85364,1821,1238,583,91539,1670.93,50.26853377,53.69345215,379568,51446,268,76,17231,318.04,50.09011628,53.09709471,5273580,12442,660,350,50783,924.9,50.28019802,53.81446643,13523259,19682,391418,1794,310,157,23525,427.99,50.37473233,53.87509054
5/11/2014,1771,18588917,82730,1839,1277,562,92402,1689.32,50.24578575,53.60914451,362438,49603,236,78,15755,289.7,50.17515924,53.29996548,5016084,11371,696,330,51566,941.34,50.25925926,53.68942146,12792792,20004,417603,1752,345,154,25081,458.28,50.26252505,53.63969626
5/12/2014,2019,22326659,99558,2094,1374,720,105356,1917.96,50.31327603,53.78475046,433571,62074,194,65,12987,238.91,50.14285714,53.27529195,6475350,13726,727,364,54821,1000.06,50.24839597,53.65678059,14940723,21592,477015,2166,453,291,37548,678.99,50.46774194,54.1524912
5/13/2014,1608,20847911,109474,1620,1005,615,81533,1479.75,50.32901235,53.98073999,486642,72364,138,67,10278,188.01,50.13658537,53.5769374,6306527,13974,518,349,43612,790.55,50.30219146,54.0699513,13542745,21032,511997,2104,349,199,27643,501.19,50.44343066,53.99150023
5/14/2014,1571,24376244,103056,1591,941,650,80030,1450.04,50.30169705,53.97368348,492889,64033,109,72,9091,165.1,50.22651934,53.96729255,7526500,15666,522,345,43576,790.83,50.26066897,53.87251369,15802621,21313,554234,2044,310,233,27363,494.11,50.39226519,54.13774261
5/15/2014,1877,23252235,102453,1898,1217,681,95550,1736.45,50.34246575,53.93302427,540945,66202,146,82,11480,208.58,50.35087719,53.94572826,6775361,14588,680,401,54399,988.07,50.32284921,53.96176384,15356374,19323,579555,2340,391,198,29671,539.8,50.37521222,53.87550945
5/16/2014,1963,25033975,101853,1969,1210,759,99273,1797.73,50.41797867,54.10656773,512891,64940,154,79,11729,213.49,50.33905579,53.84795541,7228735,15797,687,436,56609,1025.1,50.40872663,54.09325919,16675469,18804,616880,2312,369,244,30935,559.14,50.46492659,54.22970991
5/17/2014,1547,21171016,87440,1602,1054,548,80654,1467.52,50.34581773,53.84389991,467059,55161,128,81,10534,190.79,50.40191388,54.11709209,6393795,13694,605,263,43613,797.51,50.24539171,53.55418741,13802715,16453,507447,2132,321,204,26507,479.22,50.48952381,54.21726973
5/18/2014,1395,21788905,86932,1451,917,534,73087,1326.56,50.37008959,53.97494271,457165,53577,117,59,8851,161.31,50.28977273,53.77843903,6554858,13761,534,320,43007,780.36,50.35948478,53.9725255,14230288,17465,546594,2129,266,155,21229,384.89,50.42517815,54.06219959
5/19/2014,1822,25211206,96489,1891,1192,699,95218,1728.61,50.35325225,53.94912676,498119,59012,159,64,11202,205.14,50.23318386,53.51954763,7487898,15244,627,423,52890,957.39,50.37142857,54.14721273,16608716,19971,616473,2262,406,212,31126,566.08,50.36569579,53.76978519
5/20/2014,1716,24428001,95058,1768,1144,624,89061,1618.24,50.37386878,53.94317283,496078,59104,148,71,11021,200.89,50.32420091,53.77072029,7325792,14610,618,330,47689,868.02,50.30485232,53.84783761,15967467,19042,638664,2302,378,223,30351,549.33,50.50083195,54.15688202
5/21/2014,1752,23424049,95181,1819,1184,635,91636,1665.41,50.37713029,53.86781633,498144,60395,147,70,10901,199.08,50.23502304,53.66686759,6937174,14048,644,371,51153,928.13,50.39704433,54.02044972,15387804,18230,600927,2508,393,194,29582,538.2,50.39522998,53.67892977
5/22/2014,1878,23692903,97043,1948,1239,709,98172,1781.49,50.3963039,53.97392071,504182,61586,140,66,10382,189.02,50.39805825,53.83557296,7033294,14648,710,422,57025,1034.54,50.3754417,53.99307905,15603491,18126,551936,2683,389,221,30765,557.93,50.43442623,53.98526697
5/23/2014,1869,23607783,95858,1934,1299,635,97432,1773.51,50.37849018,53.84689119,482323,60657,176,64,12074,221.12,50.30833333,53.51845152,6619523,14256,726,376,55507,1009.56,50.36932849,53.88981338,15978680,18440,527257,2505,397,195,29851,542.83,50.42398649,53.90085294
5/24/2014,1520,21054534,83997,1569,1045,524,78904,1438.18,50.28935628,53.77282399,425787,51325,137,55,9651,176.63,50.265625,53.55262413,6165812,12483,587,305,44833,817.13,50.26121076,53.77479716,13970899,17842,492036,2347,321,164,24420,444.42,50.35051546,53.85671212
5/25/2014,1196,22134707,79227,1244,886,358,62634,1144.3,50.3488746,53.61793236,398881,45765,118,44,8160,149.2,50.37037037,53.60589812,6235254,12242,472,210,34332,626.38,50.34017595,53.66550656,15029183,19075,471389,2145,296,104,20142,368.72,50.355,53.54198308
5/26/2014,1411,24430379,88083,1462,1035,427,73444,1344.39,50.23529412,53.54249883,453054,52272,147,69,10836,198.21,50.16666667,53.57953685,7099461,14169,558,232,39682,726.36,50.23037975,53.54369734,16231917,19244,645947,2398,330,126,22926,419.82,50.27631579,53.5229384
5/27/2014,1760,26563305,101682,1826,1247,579,91864,1675.91,50.30887185,53.68307367,516642,64091,155,49,10224,188.33,50.11764706,53.2044815,7952019,15851,677,342,51322,933.92,50.36506379,53.86221518,17370269,19064,724375,2676,415,188,30318,553.66,50.27860697,53.54369107
5/28/2014,1955,25872459,80904,2038,1384,654,102548,1869.94,50.31795878,53.75038771,332780,43067,182,70,12632,231.98,50.12698413,53.36666954,8149524,16390,790,367,58216,1061.89,50.31633535,53.73343755,16770601,19886,619554,1561,412,217,31700,576.07,50.39745628,53.93615359
5/29/2014,2071,24664093,94747,2145,1507,638,108038,1971.64,50.36736597,53.67257714,426175,57033,179,83,13210,240.47,50.41984733,53.84455441,7640350,15891,861,347,60817,1111.23,50.34519868,53.64236027,15912864,19569,684704,2254,467,208,34011,619.94,50.38666667,53.66003162
5/30/2014,2646,22016792,93669,2743,2027,716,138288,2528.3,50.41487423,53.6111221,417777,58289,257,83,17108,313.79,50.31764706,53.43701201,6919189,14373,1080,422,75705,1382.34,50.40279627,53.67926849,14051261,18971,628565,2036,690,211,45475,832.17,50.47169811,53.56357475
5/31/2014,1964,21354092,87300,2030,1397,633,102220,1863.89,50.3546798,53.7343942,392172,51946,205,78,14236,260.56,50.30388693,53.55004605,6354566,13618,777,377,58097,1058.37,50.3440208,53.80254542,14003205,19894,604149,1842,415,178,29887,544.96,50.39966273,53.6901791
6/1/2014,1729,23278974,91287,1832,1374,458,92138,1690.02,50.29366812,53.43487059,409667,53026,193,59,12656,232.75,50.22222222,53.29323308,6929542,14227,779,259,52167,957.59,50.25722543,53.39341472,15296266,21949,643499,2085,402,140,27315,499.68,50.39667897,53.58029139
6/2/2014,2394,25564598,101278,2491,1685,806,125373,2285.12,50.3303894,53.75953998,452871,61057,220,100,16079,293.8,50.246875,53.63852961,7786351,16079,904,415,66334,1210.81,50.29112964,53.69546006,16550687,21807,774689,2335,561,291,42960,780.51,50.42253521,53.90449834
6/3/2014,2752,23079193,99858,2889,2124,765,145548,2662.11,50.38006231,53.54925228,458809,61158,249,74,16207,298.44,50.17647059,53.22342849,7351264,16575,1167,436,80749,1476.3,50.37367436,53.61105466,14505563,19715,763557,2410,708,255,48592,887.37,50.45898235,53.55601384
6/4/2014,2440,22306373,97742,2554,1765,789,128597,2345.53,50.35121378,53.7076908,447348,59294,243,94,16921,310.2,50.21068249,53.4622824,7256778,17135,928,407,67195,1226.41,50.33333333,53.70145384,13831386,19031,770861,2282,594,288,44481,808.92,50.43197279,53.81125451
6/5/2014,2337,21239806,97543,2465,1711,754,124210,2264.32,50.38945233,53.68940786,437617,60232,279,83,18169,334.47,50.19060773,53.23945346,7122132,16819,903,400,65729,1196.82,50.44435917,53.80174128,12871881,17733,808176,2759,529,271,40312,733.03,50.39,53.71130786
6/6/2014,2269,19431183,94125,2400,1758,642,120855,2211.06,50.35625,53.52636292,426512,59150,238,82,16087,295.06,50.271875,53.43658917,6058396,14676,923,335,63322,1159.07,50.3354531,53.5463777,12249529,17802,696746,2497,597,225,41446,756.93,50.42092457,53.53070958
6/7/2014,1760,16609969,81359,1840,1288,552,92557,1690.96,50.30271739,53.64822349,382129,49410,194,62,12860,236.3,50.234375,53.33897588,5253305,13511,700,288,49684,908.56,50.28744939,53.59690059,10346898,16067,627637,2371,394,202,30013,546.1,50.35738255,53.86742355
6/8/2014,1811,17601403,84902,1891,1413,478,95151,1744.08,50.31782126,53.47231778,398699,50354,190,60,12544,230.8,50.176,53.26689775,5725658,15008,792,260,52952,970.68,50.33460076,53.46767215,10788346,17082,688700,2458,431,158,29655,542.6,50.34804754,53.5680059
6/9/2014,2332,20887224,95113,2408,1718,690,121112,2215.22,50.29568106,53.52244924,435617,57126,253,65,15951,294.37,50.16037736,53.10663451,6750512,16425,965,394,68393,1249.88,50.32597498,53.60434602,12852788,18875,848307,2687,500,231,36768,670.97,50.29822161,53.55231978
6/10/2014,2407,21770804,95814,2518,1759,759,126719,2313.79,50.32525814,53.64834319,440636,56599,240,75,15787,290.85,50.11746032,53.1958054,7525133,17502,940,411,68055,1241.17,50.37379719,53.71464022,13092626,19079,712409,2634,579,273,42877,781.77,50.32511737,53.71144966
6/11/2014,2369,21239816,92489,2459,1774,685,123734,2263.51,50.31882879,53.56282941,433769,55230,230,80,15624,285.8,50.4,53.58292512,7679090,16903,975,401,69171,1265.37,50.26962209,53.54955468,12349735,17633,777222,2723,569,204,38939,712.34,50.37386805,53.57834742
6/12/2014,2139,20220313,88760,2235,1525,710,112588,2051.2,50.37494407,53.74804992,438453,56061,202,85,14421,263.83,50.24738676,53.57237615,7196911,15779,909,418,66842,1218.12,50.37076112,53.75496667,11945102,14732,639847,2188,414,207,31325,569.25,50.44283414,53.81466842
6/13/2014,2252,22394191,99614,2327,1631,696,117199,2138.66,50.36484744,53.66304134,463746,64684,383,202,29255,535.76,50.00854701,53.51276691,6238927,16907,743,261,50772,925.49,50.56972112,53.69912155,14853263,15410,838255,2613,505,233,37172,677.41,50.36856369,53.73259916
6/14/2014,1649,18613547,79307,1718,1181,537,86443,1577.33,50.31606519,53.7141879,394215,51457,194,93,14435,263.27,50.29616725,53.73950697,5455446,13345,621,264,44533,813.42,50.31977401,53.65985592,12012039,11927,751847,2578,366,180,27475,500.64,50.32051282,53.78914989
6/15/2014,1661,18689625,79620,1735,1216,519,87377,1594.57,50.36138329,53.66462432,373784,48408,181,61,12193,223.21,50.38429752,53.541508,5425502,14888,696,295,49937,910.89,50.39051463,53.7342599,12108217,13879,782122,2445,339,163,25247,460.47,50.29282869,53.58655287
6/16/2014,2158,22550192,90191,2238,1531,707,112660,2054.23,50.33958892,53.75347454,427990,58122,177,80,12912,235.98,50.24124514,53.62742605,7098370,15604,833,402,62208,1132.76,50.3708502,53.82693598,14170037,13711,853795,2754,521,225,37540,685.49,50.32171582,53.67547302
6/17/2014,2119,22683136,86591,2213,1503,710,111336,2030.52,50.30998644,53.72416918,424213,55497,224,91,15797,289.73,50.14920635,53.43595762,7246935,15883,814,406,61399,1118.38,50.32704918,53.80908099,14258728,12624,753260,2587,465,213,34140,622.41,50.3539823,53.70575666
6/18/2014,2158,22572318,90010,2255,1576,679,113624,2072.17,50.38758315,53.74510779,445713,56671,189,72,13120,240.3,50.26819923,53.51227632,7456074,17280,874,395,63967,1165.21,50.40740741,53.8083264,13970329,13560,700202,2499,513,212,36537,666.66,50.39586207,53.71853719
6/19/2014,2212,22347021,92911,2318,1585,733,116718,2127.61,50.35289042,53.71990167,446581,58786,212,57,13508,248.87,50.21561338,53.19644794,7615436,18259,870,420,64990,1183.2,50.37984496,53.83705206,13625139,13507,659865,2359,503,256,38220,695.54,50.35573123,53.7079104
6/20/2014,2121,21714601,90800,2210,1479,731,111023,2026.23,50.23665158,53.66764879,443164,58503,180,83,13192,241.41,50.15969582,53.55619071,7097541,17467,831,423,63049,1149.15,50.27830941,53.774529,13561292,12624,612604,2206,468,225,34782,635.67,50.19047619,53.51676184
6/21/2014,1466,19301096,82447,1540,1034,506,77290,1412.18,50.18831169,53.59090201,398403,52019,149,59,10425,191.39,50.12019231,53.38314436,6269912,15946,543,290,41812,762.72,50.19447779,53.72744913,12134094,12344,498687,2138,342,157,25053,458.07,50.20641283,53.45034602
6/22/2014,1467,20264516,82312,1536,1015,521,77282,1407.37,50.31380208,53.79608774,392827,50353,137,53,9567,174.89,50.35263158,53.61655898,6590077,16710,576,309,44547,810.27,50.33559322,53.88574179,12754836,13159,526776,2090,302,159,23168,422.21,50.25596529,53.69839653
6/23/2014,2133,24812490,94813,2221,1482,739,111633,2036.01,50.26249437,53.7384394,430287,59612,223,80,15164,279.22,50.04620462,53.22326481,8381778,18828,785,453,62332,1132.01,50.34894992,53.9694879,15434804,13981,565621,2392,474,206,34137,624.78,50.20147059,53.55004962
6/24/2014,1964,23997467,93819,2024,1309,715,101723,1852.51,50.25839921,53.78054639,412806,58036,167,73,12067,220.49,50.27916667,53.63962084,8471150,19043,712,439,57849,1051.21,50.25977411,53.90264552,14574246,14332,539265,2408,430,203,31807,580.81,50.24802528,53.61305763
6/25/2014,2101,23147831,87954,2160,1478,682,108515,1982.66,50.23842593,53.58962202,374860,53407,158,75,11687,213.77,50.15879828,53.58095149,8372560,18864,849,397,62620,1143.45,50.25682183,53.6744064,13851289,13237,549122,2446,471,210,34208,625.44,50.23201175,53.43757994
6/26/2014,2050,22217989,94830,2126,1437,689,106782,1950.21,50.22671684,53.61012404,435149,61902,174,67,12071,221.85,50.08713693,53.32431823,7890881,18029,793,408,60375,1100.38,50.27060783,53.74416111,13302297,12510,589662,2389,470,214,34336,627.98,50.19883041,53.47622536
6/27/2014,2202,20066579,90187,2265,1512,753,113997,2076.39,50.32980132,53.8107003,452656,60949,219,88,15424,282.42,50.24104235,53.52666242,6963144,16096,857,432,64875,1181.42,50.32971296,53.82167222,12081147,10974,569632,2168,436,233,33698,612.55,50.37070254,53.92049629
6/28/2014,1791,17809764,82948,1847,1270,577,92871,1695.79,50.28207905,53.65581823,406001,54403,169,77,12345,225.85,50.18292683,53.57095417,6077425,15184,698,314,50887,929.3,50.28359684,53.6694286,10841120,11319,485218,2042,403,186,29639,540.64,50.32088285,53.66787511
6/29/2014,1826,19065470,83275,1892,1328,564,95156,1739,50.29386892,53.6106958,386650,53437,179,65,12269,224.81,50.28278689,53.48961345,6512001,15758,763,331,55036,1005.19,50.3071298,53.66348651,11634870,12001,531949,2079,386,168,27851,509,50.27256318,53.55992141
6/30/2014,2318,23838659,97175,2436,1666,770,122661,2235.94,50.35344828,53.7223718,435673,62873,203,70,13729,251.72,50.28937729,53.4562212,8552658,19004,945,458,70679,1286.76,50.37704918,53.81034536,14307310,13239,543018,2059,518,242,38253,697.46,50.33289474,53.65612365
7/1/2014,2082,26751032,106934,2415,1718,697,121750,2221.31,50.41407867,53.72280321,492430,67511,320,125,22438,409.55,50.42247191,53.70040288,11858282,22891,973,406,69537,1267.84,50.42567078,53.75914942,13718071,14232,682249,2300,425,166,29775,543.92,50.38071066,53.65494926
7/2/2014,1868,21063141,98843,2261,1518,743,113942,2073.33,50.3945157,53.84863963,483372,61715,296,108,20365,372.2,50.40841584,53.62976894,10431663,21546,826,445,64086,1163.59,50.42171518,53.98379154,9478906,13232,669200,2350,396,190,29491,537.54,50.32593857,53.70763106
7/3/2014,2029,18264418,86235,2346,1657,689,118119,2157.01,50.34910486,53.67290833,364904,52430,315,127,22294,406.59,50.43891403,53.7445584,8639511,19380,931,390,66463,1214.44,50.31264194,53.63953756,8743537,13183,516466,1242,411,172,29362,535.98,50.36363636,53.69416769
7/4/2014,1247,14332884,68347,1472,1004,468,74020,1350.92,50.28532609,53.70266189,278692,38314,210,92,15241,277.44,50.46688742,53.84587659,6375444,16702,559,247,40447,740.35,50.18238213,53.54359425,7242872,12188,435876,1143,235,129,18332,333.13,50.36263736,53.93690151
7/5/2014,1174,14886986,69314,1357,935,422,68245,1246.04,50.29108327,53.65237071,289432,38808,169,52,11113,204.1,50.28506787,53.36599706,6617487,16611,501,242,37401,681.48,50.33781965,53.79174737,7515910,12652,464157,1243,265,128,19731,360.46,50.20610687,53.55101814
7/6/2014,1188,16279059,74315,1402,942,460,70411,1285.68,50.22182596,53.675098,308042,41291,204,99,15238,277.89,50.29042904,53.74428731,7499049,18531,501,217,36042,659.73,50.19777159,53.54311612,7990685,13252,481283,1241,237,144,19131,348.06,50.21259843,53.87002241
7/7/2014,1820,21460834,85515,2140,1368,772,107521,1957.56,50.24345794,53.81495331,354767,48049,281,115,19900,364.19,50.25252525,53.55446333,9980747,22109,779,441,61250,1115.93,50.20491803,53.79369674,10575487,14046,549833,1311,308,216,26371,477.44,50.32633588,54.0633378
7/8/2014,1931,20227275,84422,2238,1540,698,112541,2054.86,50.28641644,53.64501718,337181,46447,306,84,19597,360.72,50.24871795,53.24628521,9515132,23314,859,422,64465,1174.6,50.32396565,53.79192917,9896266,13268,478696,1393,375,192,28479,519.54,50.22751323,53.58971398
7/9/2014,1901,19672095,84589,2224,1512,712,111843,2040.72,50.28911871,53.69869458,331895,47376,322,119,22192,406.21,50.32199546,53.54619532,9202562,22368,836,400,62153,1133.84,50.28559871,53.69540676,9592338,13419,545300,1426,354,193,27498,500.67,50.27056673,53.82986798
7/10/2014,1853,19901351,95367,2144,1455,689,107834,1967.13,50.29570896,53.71022759,430520,58141,276,116,19735,360.36,50.34438776,53.67687868,9485629,21653,824,395,61302,1118.21,50.28876128,53.73141002,9263914,13122,721288,2451,355,178,26797,488.56,50.27579737,53.68634354
7/11/2014,1747,19235793,94696,2131,1404,727,107293,1952.25,50.3486626,53.86707645,437290,58478,332,132,23421,426.92,50.4762931,53.77354071,9001418,20146,731,426,58239,1057.76,50.33621435,53.9649826,9101981,13699,695104,2373,341,169,25633,467.57,50.26078431,53.73099215
7/12/2014,1260,16610907,85552,1566,1028,538,78709,1434.38,50.26117497,53.78142473,391475,50726,195,108,15268,277.26,50.38943894,53.97460867,7808304,18322,580,295,43939,801.85,50.216,53.70580533,7814998,14380,596130,2124,253,135,19502,355.27,50.2628866,53.8013342
7/13/2014,1326,17478981,87145,1575,1107,468,79246,1447.74,50.31492063,53.64982663,393960,50912,830,300,56816,1041.2,50.27964602,53.48252017,8349570,18730,57,38,4813,86.64,50.66315789,54.45521699,8104738,15212,630713,2291,220,130,17617,319.9,50.33428571,53.97624258
7/14/2014,1798,21093006,85990,2130,1361,769,107179,1948.37,50.31877934,53.88042312,341041,47491,284,141,21377,389.63,50.29882353,53.77409337,10185984,20608,727,413,57392,1042.69,50.34385965,53.88178653,9984047,16333,581934,1558,350,215,28410,516.05,50.28318584,53.95794981
7/15/2014,1687,20472475,83822,1801,1321,480,90478,1659.34,50.23764575,53.4411272,335494,46700,246,66,15695,288.66,50.30448718,53.29106908,9686844,20478,751,256,50563,928.66,50.21151936,53.36291,9797551,15136,652586,1508,324,158,24220,442.02,50.24896266,53.70345233
7/16/2014,1744,19941081,93129,1851,1338,513,93027,1704.03,50.25769854,53.50610024,416358,55413,264,69,16753,308.19,50.30930931,53.27882151,9479538,19926,757,316,53934,986.5,50.26467847,53.58438925,9310876,15121,734309,2669,317,128,22340,409.34,50.20224719,53.48854253
7/17/2014,1369,18828738,97449,1469,1020,449,73815,1349.43,50.24846835,53.61226592,424042,60447,205,60,13354,244.9,50.39245283,53.44630461,8922580,19749,573,282,42956,783.96,50.24093567,53.70299505,8767871,14797,714245,2456,242,107,17505,320.57,50.15759312,53.51717254
7/18/2014,1630,18152993,93754,1777,1277,500,89101,1635.38,50.1412493,53.39676405,422180,59325,237,81,15994,293.25,50.29559748,53.45609548,8526402,19105,734,275,50551,929.21,50.10009911,53.3162579,8534292,13086,670119,2238,306,144,22556,412.92,50.12444444,53.53579386
7/19/2014,1219,15794902,87866,1358,919,439,67945,1245.79,50.03313697,53.33723982,399950,54457,217,72,14523,266.62,50.25259516,53.3868427,7408493,18041,494,260,37675,690.56,49.9668435,53.31325301,7364526,13147,621933,2221,208,107,15747,288.61,49.99047619,53.34880981
7/20/2014,1178,16556170,87202,1263,942,321,63215,1164.75,50.05146477,53.18909637,389892,52864,213,72,14325,262.86,50.26315789,53.41246291,7789130,18255,512,166,33890,625.7,49.98525074,53.07975068,7732082,13849,645066,2234,217,83,15000,276.19,50,53.2242297
7/21/2014,1638,20639910,95167,1791,1278,513,89923,1647.63,50.20826354,53.44767939,432063,59347,276,76,17703,325.56,50.29261364,53.29585944,9384209,19235,726,337,53415,975.63,50.24929445,53.62381231,10029669,14031,793969,2554,276,100,18805,346.44,50.01329787,53.09433091
7/22/2014,1515,19954711,92001,1610,1174,436,80799,1482.88,50.18571429,53.37856064,395174,57287,240,70,15617,286.5,50.37741935,53.42757417,9284412,18924,693,263,47974,880.23,50.18200837,53.37582223,9422633,13263,852492,2527,241,103,17208,316.15,50.02325581,53.34176815
7/23/2014,1568,19871400,91780,1692,1188,504,84875,1555.2,50.16252955,53.44200103,394155,57010,248,97,17337,317.51,50.25217391,53.51642468,9330780,19087,655,290,47429,868,50.18941799,53.47235023,9329265,13104,817200,2579,285,117,20109,369.69,50.02238806,53.30682464
7/24/2014,1536,18036937,87851,1631,1131,500,81975,1498.14,50.26057633,53.62916683,360499,53472,252,77,16564,303.87,50.34650456,53.42745253,8390956,18665,579,292,43767,798.3,50.24913892,53.73418514,8499343,13064,786139,2650,300,131,21644,395.97,50.21809745,53.57224032
7/25/2014,1420,16070573,89831,1532,1094,438,76904,1409.42,50.19843342,53.452484,397165,57044,209,67,13914,254.75,50.41304348,53.53483808,6964014,17828,600,281,44213,808.47,50.18501703,53.55424444,7974410,12540,734984,2419,285,90,18777,346.2,50.072,53.1542461
7/26/2014,1152,13573770,84098,1249,931,318,62513,1151.8,50.05044035,53.18978989,372653,50919,209,51,13039,240.83,50.15,53.06232612,6542748,18254,472,177,32480,597.67,50.04622496,53.25848713,6038194,12479,620175,2446,250,90,16994,313.3,49.98235294,53.1567188
7/27/2014,1161,15259080,86796,1237,907,330,68628,1139.68,55.47938561,59.01656605,375897,50597,126,24,12402,139.32,82.68,87.25236865,7372944,20046,540,226,39142,704.22,51.09921671,54.473034,6839288,13615,670951,2538,241,80,17084,296.14,53.2211838,56.5374485
7/28/2014,1600,18565382,94647,1691,1260,431,84759,1559.37,50.12359551,53.24778596,414022,58558,194,53,12338,228.47,49.951417,52.92160896,8000886,19293,703,281,49328,905.29,50.1300813,53.40167239,9396607,14092,753867,2704,363,97,23093,425.61,50.20217391,53.09555697
7/29/2014,1687,15914902,91326,1789,1327,462,89770,1649.32,50.17887088,53.28013969,378945,58428,215,70,14282,263,50.1122807,53.22053232,7221802,18348,728,256,49396,907.04,50.19918699,53.33502381,7601799,12025,712356,2525,384,136,26092,479.28,50.17692308,53.20898014
7/30/2014,1624,14772697,98934,1703,1257,446,85454,1569.6,50.17850851,53.33588175,419789,68575,208,53,13066,241.63,50.06130268,52.9942474,6716106,16965,672,262,46934,859.62,50.25053533,53.47130127,6848968,10778,787834,2616,377,131,25454,468.35,50.10629921,53.26358493
7/31/2014,1831,14486117,93535,1724.5,1291,433.5,86584.5,1590.685,50.20846622,53.34808589,421371,62848,211.5,59,13551.5,250.14,50.09796673,53.09426721,7395491,17590,700,247.5,47614.5,873.325,50.25277045,53.43600607,5931994,10506,737261,2591,379.5,127,25418.5,467.22,50.1846002,53.31963529
8/1/2014,2324,15774300,105177,2449,1917,532,123372,2264.82,50.3764802,53.39188103,456445,73705,302,70,18708,344.78,50.29032258,53.18173908,8604012,18300,1012,322,67195,1231.42,50.37106447,53.48378295,5973627,10375,740216,2797,603,140,37469,688.62,50.42934051,53.33275246
8/2/2014,1430,12318902,87310,1520,1199,321,76446,1406.33,50.29342105,53.2776802,378837,59622,192,45,11913,219.63,50.26582278,53.16213632,6661167,15702,666,186,42829,787.86,50.26877934,53.27977052,4618051,9436,660847,2550,341,90,21704,398.84,50.35730858,53.33717782
8/3/2014,1386,13100817,88518,1477,1150,327,74266,1365.49,50.281652,53.30613919,389301,59114,213,46,13035,240.24,50.32818533,53.18015318,7212729,16588,643,204,42598,781.9,50.29279811,53.39685382,4844123,10266,654664,2550,294,77,18633,343.35,50.22371968,53.18770933
8/4/2014,1888,16413976,96978,1978,1529,449,99539,1827.89,50.32305359,53.37356187,450400,63727,227,70,14922,274.28,50.24242424,53.32142336,9494388,20695,922,262,59587,1094.62,50.32685811,53.35458881,5855589,10030,613599,2526,380,117,25030,458.99,50.36217304,53.44996623
8/5/2014,1760,17042356,95551,1854,1357,497,93161,1707.97,50.24865156,53.4593699,440319,62004,206,63,13501,248.45,50.18959108,53.25820085,9316761,20054,736,306,52377,958.06,50.26583493,53.58223911,6708853,10784,576423,2709,415,128,27283,501.46,50.24493554,53.32429306
8/6/2014,1655,18651221,94916,1746,1245,501,87770,1606.17,50.26918671,53.55846517,417581,59264,198,65,13210,242.67,50.22813688,53.35228912,11491148,19204,685,317,50399,919.69,50.29840319,53.7104894,6082812,13854,659680,2594,362,119,24161,443.81,50.23076923,53.35616593
8/7/2014,1673,16132713,88457,1793,1346,447,90063,1654.13,50.23034021,53.34224033,404866,57094,195,62,12911,237.24,50.23735409,53.3383915,9614715,19052,762,282,52492,961.62,50.27969349,53.50138308,5432013,9860,681119,2451,389,103,24660,455.27,50.12195122,53.00810508
8/8/2014,1696,15159004,88493,1669,1262,407,83812,1540.37,50.21689635,53.32679811,416219,57955,271,93,18335,335.65,50.37087912,53.54089081,8530487,18429,687,244,46756,858.06,50.22126745,53.40535627,5593277,9659,619021,2450,304,70,18721,346.66,50.05614973,52.92505625
8/9/2014,1309,11797439,79323,1290,914,376,64628,1186.28,50.09922481,53.39211653,378077,52449,184,83,13425,245.17,50.28089888,53.66888282,6946639,16157,529,220,37542,688.66,50.12283044,53.42694508,3933736,8420,538987,2297,201,73,13661,252.45,49.85766423,53.02832244
8/10/2014,1211,12364167,78748,1218,871,347,61059,1120.63,50.13054187,53.36819468,379427,50677,173,66,11999,220.04,50.20502092,53.44482821,6984593,16184,485,208,34789,636.86,50.2005772,53.53766919,4445365,9579,554782,2308,213,73,14271,263.73,49.8986014,52.89500626
8/11/2014,1630,14188808,88926,1726,1229,497,86782,1587.65,50.2792584,53.55147545,421299,58369,175,58,11743,214.96,50.39914163,53.54484555,7786815,18864,706,305,50819,928.99,50.26607319,53.5775412,5311993,9201,668701,2492,348,134,24220,443.7,50.24896266,53.50011269
8/12/2014,1545,14106789,88957,1651,1195,456,82951,1520.02,50.2428831,53.48613834,409665,57471,185,70,12787,234.8,50.14509804,53.37308348,7452974,18971,684,261,47494,870.03,50.25820106,53.50275278,5575843,10086,668307,2429,326,125,22670,415.19,50.26607539,53.51525807
8/13/2014,1671,12691101,85854,1769,1261,508,88858,1627.3,50.23063878,53.47446691,413185,55218,194,59,12702,233.69,50.2055336,53.27142796,7015124,18970,738,309,52626,962.55,50.26361032,53.549426,4655566,9216,607226,2450,329,140,23530,431.06,50.17057569,53.4171577
8/14/2014,1586,12208710,83778,1662,1179,483,83579,1528.47,50.28820698,53.52542085,404120,54932,211,49,13043,240.97,50.16538462,53.04809727,6720050,18085,679,309,49774,907.09,50.37854251,53.74439141,4458307,8329,626233,2432,289,125,20762,380.41,50.14975845,53.30564391
8/15/2014,1603,11970202,83611,1696,1245,451,85247,1562.67,50.26356132,53.42202768,404329,54613,210,62,13627,251.34,50.09926471,53.13519535,6282319,17753,692,254,47606,871.46,50.32346723,53.54233126,4675280,8838,608274,2407,343,135,24014,439.87,50.23849372,53.34757997
8/16/2014,1235,10727611,77050,1294,946,348,64901,1192,50.1553323,53.30285235,370875,48607,151,44,9751,180.22,50.00512821,53.02408168,5457721,15894,568,205,38806,712.27,50.20181113,53.39688601,4338807,10224,560208,2325,227,99,16344,299.51,50.13496933,53.24697005
8/17/2014,1327,11324329,79815,1405,1047,358,70524,1295.64,50.19501779,53.34738045,388602,51196,183,45,11440,211.17,50.1754386,53.09466307,6018122,16368,604,206,40663,746.98,50.20123457,53.35216472,4313923,9898,603682,2353,260,107,18421,337.49,50.19346049,53.49491837
8/18/2014,1631,14156176,84932,1724,1265,459,86519,1588.43,50.1850348,53.36086576,395604,53192,206,66,13669,251.06,50.25367647,53.3617462,7278524,18707,726,282,50586,927.78,50.18452381,53.43723728,5857916,10508,624132,2525,333,111,22264,409.59,50.14414414,53.18733368
8/19/2014,1392,13492022,80340,1469,1094,375,73668,1354.61,50.14840027,53.29873543,377502,50182,164,32,9803,182,50.01530612,52.78571429,7223883,17877,663,227,44627,820.71,50.14269663,53.2916621,5223547,9631,667090,2650,267,116,19238,351.9,50.22976501,53.58056266
8/20/2014,1602,12605122,79475,1681,1243,438,84572,1549.48,50.31052945,53.45083512,365540,49145,171,43,10769,198.15,50.32242991,53.26772647,6981546,18309,757,270,51655,946.48,50.2969815,53.45385005,4588190,9217,669846,2804,315,125,22148,404.85,50.33636364,53.53340743
8/21/2014,1680,11945723,80204,1763,1276,487,88650,1623.13,50.28360749,53.53052436,358463,50688,196,47,12193,225.13,50.17695473,53.08044241,6584343,16763,782,306,54668,1001.3,50.24632353,53.51043643,4390510,9707,612407,3046,298,134,21789,396.7,50.4375,53.83665238
8/22/2014,1621,11130846,78054,1697,1256,441,85401,1564.31,50.32469063,53.48620158,346949,49468,191,48,12048,221.3,50.41004184,53.3619521,6178256,16443,738,278,51065,935.58,50.26082677,53.45774813,4044959,9345,560682,2798,327,115,22288,407.43,50.42533937,53.61902658
8/23/2014,1240,10129191,73427,1311,926,385,65961,1205.39,50.31350114,53.60505728,339947,45190,143,46,9495,174.44,50.23809524,53.347856,5364706,15611,542,252,39941,728.72,50.30352645,53.67219234,3900316,9787,524222,2839,241,87,16525,302.23,50.38109756,53.59163551
8/24/2014,1248,10394226,72312,1315,988,327,65997,1213.21,50.1878327,53.25706184,344330,44307,161,47,10430,192.23,50.14423077,53.17588306,5798181,15612,593,197,39659,728.81,50.20126582,53.28412069,3641390,9530,610325,2863,234,83,15908,292.17,50.1829653,53.24297498
8/25/2014,1803,11721401,77226,1899,1399,500,95287,1750.06,50.17746182,53.32274322,356139,48859,212,54,13302,246.26,50.0075188,52.93592138,6443382,16304,868,324,59853,1097.8,50.21224832,53.43505192,4261930,9190,659950,2873,319,122,22132,406,50.18594104,53.25369458
8/26/2014,1760,10371955,76928,1881,1420,461,94332,1735.87,50.14992026,53.25917263,334038,46011,219,55,13716,253.71,50.05839416,52.98175082,5898035,17581,831,296,56533,1038.66,50.16237799,53.34373135,3556356,10402,583526,2934,370,110,24083,443.5,50.17291667,53.21984216
8/27/2014,1696,9790911,74345,1794,1364,430,89924,1656.26,50.12486065,53.14684892,326338,45225,205,42,12343,229.24,49.97165992,52.76566044,5179602,16939,859,263,56226,1036.27,50.11229947,53.14155577,3697033,9475,587938,2706,300,125,21355,390.75,50.24705882,53.38451695
8/28/2014,1766,10788422,74650,1864,1381,483,93576,1718.35,50.20171674,53.37213024,327467,46175,209,56,13272,245.18,50.08301887,53.05081981,5750642,16434,860,295,57985,1065.05,50.2034632,53.35899723,4113017,9356,597296,2685,312,132,22319,408.12,50.26801802,53.59943154
8/29/2014,2003,9941849,75416,2088,1672,416,104854,1933.6,50.21743295,53.11129499,342567,48360,251,38,14478,269,50.09688581,52.7472119,5370717,15076,978,280,63213,1162.92,50.24880763,53.27537578,3647185,9300,581380,2680,443,98,27163,501.68,50.20887246,52.92616808
8/30/2014,1437,9283854,71924,1498,1106,392,75039,1380.68,50.09279039,53.26433352,329421,43800,161,43,10203,188.75,50.01470588,52.97483444,4812769,15399,694,239,46726,860.29,50.08145766,53.22972486,3602021,9708,539643,3017,251,110,18110,331.64,50.16620499,53.51887589
8/31/2014,1168,9645187,74484,1204,908,296,60251,1111.04,50.0423588,53.14570132,314927,44642,131,36,8354,154.46,50.0239521,53.00401398,5386378,16398,575,177,37575,694.49,49.96675532,53.02164178,3426446,10501,517436,2943,202,83,14322,262.09,50.25263158,53.55793811
9/1/2014,1480,11567841,84472,1553,1152,401,77741,1431.75,50.05859627,53.18875502,335070,49972,185,50,11756,217.4,50.02553191,52.99448022,6332706,18625,707,248,47800,880.34,50.05235602,53.21239521,4318301,12707,581764,3168,260,103,18185,334.01,50.09641873,53.25289662
9/2/2014,1474,13170247,87878,1545,1120,425,77542,1422.55,50.18899676,53.42307827,347614,53363,187,57,12220,225.37,50.08196721,53.13928207,7016419,19148,657,266,46289,849,50.15059588,53.43462898,5190912,12014,615302,3353,276,102,19033,348.18,50.35185185,53.57860877
9/3/2014,1961,13225169,93659,2062,1600,462,103577,1905.94,50.23132881,53.26243219,353021,57282,243,52,14788,273.66,50.12881356,52.95987722,7204819,20766,936,305,62307,1145.19,50.20709106,53.32390258,5009457,12226,657872,3385,421,105,26482,487.09,50.3460076,53.28789341
9/4/2014,1728,13242013,95674,1801,1355,446,90454,1661.72,50.22431982,53.35014323,350101,57746,210,47,12859,238.29,50.03501946,52.88513996,7230249,20092,809,296,55482,1017.98,50.20995475,53.41657007,5015212,14380,646451,3456,336,103,22113,405.45,50.37129841,53.4566531
9/5/2014,1526,12573480,92547,1608,1230,378,80695,1485.06,50.18345771,53.25508734,345981,55704,165,50,10803,198.6,50.24651163,53.31319235,6875252,19830,769,245,50834,936.01,50.1321499,53.22592707,4734549,13838,617698,3175,296,83,19058,350.45,50.28496042,53.3000428
9/6/2014,1320,11410764,91298,1388,1023,365,69694,1279.17,50.21181556,53.37132672,339771,53796,181,67,12488,228.43,50.35483871,53.58315458,6270662,19735,615,216,41714,766.02,50.19735259,53.37066917,4203890,14631,596441,3136,227,82,15492,284.72,50.13592233,53.20314695
9/7/2014,1264,11664617,86434,1338,1003,335,67018,1234.27,50.08819133,53.12856992,324465,50306,183,47,11531,212.91,50.13478261,53.07876568,6500962,19805,579,208,39409,725.22,50.07496823,53.20730261,4254508,13220,584682,3103,241,80,16078,296.14,50.08722741,52.9715675
9/8/2014,1515,14255084,92473,1613,1170,443,80922,1485.21,50.16862988,53.30491984,334238,54078,187,61,12464,228.85,50.25806452,53.37994319,7900019,21300,731,283,50847,933.35,50.14497041,53.31654792,5370005,13846,650822,3249,252,99,17611,323.01,50.17378917,53.21816662
9/9/2014,1424,13617315,95023,1501,1082,419,75269,1381.61,50.14590273,53.36744812,348377,57145,151,41,9639,177.61,50.203125,53.18957266,7574571,20363,696,293,49565,909.15,50.11627907,53.39162954,5068984,14376,625383,3139,235,85,16065,294.85,50.203125,53.40003392
9/10/2014,1462,13230445,93719,1543,1109,434,77366,1420.04,50.13998704,53.32103321,357830,58867,175,45,11059,203.65,50.26818182,53.22366806,7480107,19223,695,285,49115,901.25,50.11734694,53.33148405,4784356,12691,608152,2938,239,104,17192,315.14,50.12244898,53.35406486
9/11/2014,1448,12065500,94319,1532,1129,403,76839,1411.87,50.15600522,53.2393209,352890,60317,183,51,11754,216.39,50.23076923,53.23721059,6830503,19023,721,278,50093,919.6,50.14314314,53.23401479,4270859,12491,611248,2488,225,74,14992,275.88,50.14046823,53.25866319
9/12/2014,1492,11694748,94436,1577,1169,408,79075,1453.82,50.14267597,53.3064616,341408,59705,171,63,11746,215.55,50.1965812,53.40756205,6621553,19210,755,258,50765,934.16,50.11352419,53.25854243,4096487,12942,635300,2579,243,87,16564,304.11,50.19393939,53.38199993
9/13/2014,1192,10845287,91086,1243,905,338,62449,1144.76,50.24054706,53.43565464,318552,54226,121,55,8871,161.59,50.40340909,53.80902284,6142074,20121,575,200,38909,714.5,50.20516129,53.37158852,3838459,14240,546202,2499,209,83,14669,268.67,50.23630137,53.38147169
9/14/2014,1208,11167575,90699,1283,960,323,64335,1183.41,50.1441933,53.22077725,312894,53518,174,44,10917,201.84,50.07798165,53.00733254,6423501,20322,603,220,41273,758.22,50.14945322,53.25631083,3868938,14397,562242,2462,183,59,12145,223.35,50.18595041,53.29303783
9/15/2014,1492,13526821,100593,1586,1171,415,79507,1461.79,50.13051702,53.30519432,333743,58304,188,65,12698,233.27,50.18972332,53.35019505,7298491,21497,761,269,51594,949.37,50.09126214,53.26058333,5293495,18282,601092,2510,222,81,15215,279.15,50.21452145,53.41930862
9/16/2014,1407,12842168,95217,1491,1087,404,74843,1373.26,50.19651241,53.38901592,327645,55239,166,46,10637,196.06,50.1745283,53.17249821,7082288,21230,717,264,49213,903.66,50.16615698,53.33532523,4826681,16378,605554,2370,204,94,14993,273.54,50.31208054,53.72157637
9/17/2014,1450,12195100,93622,1547,1156,391,77588,1426.81,50.15384615,53.29441201,322198,56348,157,45,10104,186.73,50.01980198,53.02843678,7054149,21073,768,274,52266,960.3,50.15930902,53.34166406,4367791,14168,450962,2033,231,72,15218,279.78,50.22442244,53.30974337
9/18/2014,1368,10998989,92608,1449,1057,392,72662,1334.62,50.1463078,53.30580989,323965,55447,157,62,11004,201.52,50.24657534,53.51826121,6750361,21080,649,252,45130,829.3,50.08879023,53.24852285,3412042,13896,512621,2185,251,78,16528,303.8,50.23708207,53.32126399
9/19/2014,1501,9682892,102137,1585,1110,475,79718,1456.65,50.29526814,53.63882882,352168,66211,173,57,11568,212.21,50.29565217,53.42820791,6021145,20686,720,330,52787,963.9,50.27333333,53.67465505,2811433,13163,498146,2077,217,88,15363,280.54,50.3704918,53.67505525
9/20/2014,1271,8300982,91629,1334,928,406,66988,1225.54,50.21589205,53.57148685,324005,56877,159,55,10720,197.31,50.09345794,53.24616086,5214528,21219,576,264,42216,771.12,50.25714286,53.65701836,2321955,11534,440494,1999,193,87,14052,257.11,50.18571429,53.56462215
9/21/2014,1246,8893515,86676,1311,900,411,65893,1203.57,50.26163234,53.6586987,320429,53208,150,67,10902,199.29,50.23963134,53.61533444,5727188,21035,612,286,45121,824.1,50.24610245,53.66217692,2412213,10332,433685,2101,138,58,9870,180.18,50.35714286,53.69075369
9/22/2014,1386,13841558,117675,1460,997,463,73343,1339.99,50.23493151,53.61831058,325861,57640,179,55,11762,216.11,50.26495726,53.34320485,9728858,46541,647,337,49431,901.37,50.2347561,53.74818332,3295158,11369,491681,2125,171,71,12150,222.51,50.20661157,53.35939958
9/23/2014,1367,10752213,91620,1447,936,511,72747,1324.41,50.27436075,53.80886583,303109,54074,113,84,9908,179.3,50.29441624,54.16062465,6826622,24121,659,360,51252,932.66,50.29636899,53.85992752,3126411,11409,496071,2016,164,67,11587,212.45,50.16017316,53.28783243
9/24/2014,1333,10583183,96299,1409,1022,387,70759,1297.37,50.21930447,53.40034069,320356,55045,141,64,10317,188.22,50.32682927,53.7243651,6609620,24838,669,232,45211,830.7,50.17869034,53.29842302,3195954,14289,457253,2127,212,91,15231,278.45,50.26732673,53.48536542
9/25/2014,1360,10390735,99628,1428,1015,413,71847,1313.41,50.31302521,53.5621017,338950,59617,154,47,10163,185.65,50.56218905,53.66011312,6464087,24216,655,289,47445,867.13,50.2595339,53.54560447,3096661,13655,491037,2140,206,77,14239,260.63,50.31448763,53.54717415
9/26/2014,1323,9362595,92663,1384,987,397,69721,1273.17,50.37644509,53.59221471,327555,55906,149,76,11380,206.18,50.57777778,54.10321079,5787701,22884,640,255,45073,823.45,50.36089385,53.56487947,2803247,11782,444092,2091,198,66,13268,243.54,50.25757576,53.25203252
9/27/2014,1085,8235393,88581,1115,757,358,56214,1023.04,50.4161435,53.85810916,496202,53137,101,73,8778,158.45,50.44827586,54.30104134,4982818,21983,511,216,36641,668.26,50.4002751,53.74255529,2330219,11504,426154,1957,145,69,10795,196.33,50.44392523,53.89395406
9/28/2014,1070,8973364,89773,1105,797,308,55583,1017.14,50.30135747,53.55998191,340865,52802,135,76,10644,193.02,50.44549763,54.05139364,5590883,24128,494,187,34222,627.05,50.25256975,53.4901523,2617141,10870,424475,1973,168,45,10717,197.07,50.31455399,53.30085756
9/29/2014,1332,10044734,93166,1393,968,425,70117,1279.67,50.33524767,53.67711988,351901,58315,135,59,9801,178.23,50.52061856,53.90226112,5948383,21607,656,291,47608,869.81,50.27243928,53.60481025,3265812,11187,478638,2057,177,75,12708,231.63,50.42857143,53.77541769
9/30/2014,1378,10307405,93629,1426,982,444,71904,1309.36,50.42356241,53.82629682,343664,58555,142,78,11120,201.34,50.54545455,54.13728022,6131893,22151,691,278,48808,891.4,50.36945304,53.66726498,3378653,10764,453195,2159,149,88,11976,216.62,50.53164557,54.19167205
10/1/2014,1863,11910093,103729,1928,1429,499,102928,1777.39,53.38589212,53.57068511,378222,64485,242,59,16093,278.81,53.46511628,53.40195832,7295263,23794,944,341,68562,1184.03,53.35564202,53.56452117,3702671,13201,533937,2249,243,99,18273,314.55,53.42982456,53.74344301
10/2/2014,1551,11123728,98579,1630,1163,467,86981,1499.51,53.36257669,53.58817214,353969,61617,211,56,14268,247.06,53.43820225,53.42831701,7009659,22747,748,304,56091,967.6,53.31844106,53.58412567,3255252,11983,504848,2232,204,107,16622,284.85,53.44694534,53.74056521
10/3/2014,1852,10568061,95127,1950,1436,514,104272,1797.02,53.47282051,53.66495643,332454,59251,231,72,16248,279.78,53.62376238,53.74222603,6648407,21615,949,341,68906,1188.73,53.41550388,53.5958544,3098250,12149,488950,2112,256,101,19118,328.51,53.55182073,53.84919789
10/4/2014,1328,8665559,83471,1378,1026,352,73535,1270.68,53.36357039,53.53275412,281930,47869,153,54,11070,190.8,53.47826087,53.67924528,5468000,21828,694,219,48662,842.89,53.29901424,53.39961324,2460079,11645,455550,2129,179,79,13803,236.99,53.5,53.88834972
10/5/2014,1349,9570222,82484,1396,1003,393,74418,1284.73,53.30802292,53.52408677,288033,48087,136,67,10858,186.13,53.48768473,53.9730296,5999212,21073,694,263,50964,881.17,53.2539185,53.45279571,2780695,11167,502282,2157,173,63,12596,217.43,53.37288136,53.42868969
10/6/2014,1498,11605122,87177,1580,1099,481,84285,1451.53,53.34493671,53.6881773,305862,52319,170,63,12474,214.61,53.53648069,53.78127767,7286294,21241,759,341,58605,1010.13,53.27727273,53.62676091,3520897,11416,492069,2201,170,77,13206,226.79,53.46558704,53.87362758
10/7/2014,1483,11211770,85387,1578,1111,467,84301,1450.63,53.42268695,53.76215851,291622,48316,160,61,11821,203.47,53.48868778,53.75239593,7120325,22089,756,317,57287,986.43,53.38956198,53.72403516,3295579,12748,504244,2234,195,89,15193,260.73,53.49647887,53.91401066
10/8/2014,1549,10986109,86723,1594,1095,499,85048,1463.43,53.35508156,53.74018573,296256,49364,169,72,12892,221.5,53.49377593,53.8510158,7227390,21463,708,339,55849,960.45,53.34192932,53.7924931,2957548,13783,504915,2113,218,88,16307,281.48,53.29084967,53.47449197
10/9/2014,1433,11775821,93225,1417,1008,409,76392,1303.35,53.91107975,54.19956267,319749,56522,146,65,11261,193.79,53.36966825,53.77470458,7792716,21668,705,270,52551,897.6,53.89846154,54.16109626,3137375,12943,525981,2092,157,74,12580,211.96,54.45887446,54.7508964
10/10/2014,1423,10804220,85268,1487,1069,418,79305,1368.52,53.33221251,53.55201239,309711,51847,159,76,12571,215.58,53.49361702,53.95212914,7070057,19107,729,266,53016,916.68,53.28241206,53.41667758,2970496,12409,453956,1905,181,76,13718,236.26,53.37743191,53.71201219
10/11/2014,1117,9083723,81831,1154,751,403,61475,1056.55,53.2712305,53.78259429,290269,46793,117,64,9662,165.66,53.38121547,53.95388144,5802906,20115,501,257,40320,694.53,53.19261214,53.63771183,2561770,13168,428778,1755,133,82,11493,196.36,53.45581395,54.15053982
10/12/2014,1092,9628307,80094,1141,782,359,60860,1047.41,53.33917616,53.74781604,288540,45817,144,58,10747,185.82,53.2029703,53.48724572,6258151,19973,528,255,41783,718.17,53.36270754,53.81873373,2658746,12650,422870,1654,110,46,8330,143.42,53.3974359,53.73030261
10/13/2014,1320,11625463,87794,1375,943,432,73134,1262.26,53.18836364,53.4707588,315838,51747,160,52,11245,195.64,53.04245283,53.14352893,7569457,21019,648,325,51766,891.87,53.2024666,53.56049648,3275804,13291,464364,1737,135,55,10123,174.75,53.27894737,53.37911302
10/14/2014,1131,10734322,85022,1200,773,427,63929,1098.11,53.27416667,53.8142809,320034,51873,120,62,9713,166.74,53.36813187,53.88629003,6908583,19948,544,308,45385,779.32,53.26877934,53.8636247,3021380,11489,484325,1712,109,57,8831,152.05,53.19879518,53.4824071
10/15/2014,1332,10130332,83616,1392,955,437,74136,1277.89,53.25862069,53.6603307,319384,52075,231,105,17922,308.49,53.33928571,53.73918117,6450472,18635,577,271,45129,778.15,53.21816038,53.64132879,2966446,11241,394030,1665,147,61,11085,191.25,53.29326923,53.61045752
10/16/2014,1290,10032957,83534,1339,885,454,71325,1226.88,53.2673637,53.62708659,325902,52560,151,83,12529,214.15,53.54273504,54.13495214,6429418,18385,608,310,48842,841.22,53.20479303,53.48779154,2840970,10903,436667,1686,126,61,9954,171.51,53.22994652,53.67617049
10/17/2014,1205,8717696,83171,1248,879,369,66541,1147.29,53.31810897,53.6167839,319353,52904,180,53,12443,215.31,53.40343348,53.46244949,5472367,17174,567,273,44741,770.49,53.26309524,53.66195538,2457800,11049,468176,2044,132,43,9357,161.49,53.46857143,53.60703449
10/18/2014,1043,7583185,78004,1072,773,299,57096,986.75,53.26119403,53.48163162,303318,47351,137,59,10454,180.11,53.33673469,53.68941203,4786530,17306,523,187,37771,654.31,53.19859155,53.33251823,2118300,11510,375037,1837,113,53,8871,152.33,53.43975904,53.87645244
10/19/2014,1016,8035037,77945,1041,776,265,55463,959.99,53.27857829,53.43701497,300754,46203,151,50,10713,185.44,53.29850746,53.43507334,5084795,18187,538,173,37852,656.23,53.23769339,53.34714963,2257580,11724,391908,1831,87,42,6898,118.32,53.47286822,53.93847194
10/20/2014,1497,10075839,82340,1576,1093,483,84073,1447.63,53.34581218,53.67324524,327899,51735,190,55,13066,226.45,53.33061224,53.37160521,6253091,18326,735,369,58847,1011.93,53.30344203,53.72011898,3035976,10219,458873,2060,168,59,12160,209.25,53.56828194,53.77299881
10/21/2014,1442,9770309,81618,1476,1079,397,78827,1359.65,53.40582656,53.58217188,322126,50790,155,53,11119,191.81,53.45673077,53.63119754,6134583,18469,755,287,55616,959.39,53.37428023,53.55277833,2913790,10427,399810,1932,169,57,12092,208.45,53.50442478,53.67234349
10/22/2014,1366,8504775,81999,1393,1022,371,74381,1283.45,53.39626705,53.55798823,331356,52221,155,49,10883,188.33,53.34803922,53.45404343,5448613,17986,698,274,51888,894.5,53.38271605,53.58300727,2289355,9761,435451,2031,169,48,11610,200.62,53.50230415,53.54401356
10/23/2014,1459,9133313,86385,1484,1087,397,79266,1367.17,53.41374663,53.63634369,331425,56126,171,64,12596,216.42,53.6,53.85823861,5842939,18114,771,287,56459,974.43,53.36389414,53.59748776,2438041,10070,520908,2075,145,46,10211,176.32,53.46073298,53.57872051
10/24/2014,1480,8517625,83769,1497,1117,380,79926,1380.58,53.39078156,53.55575193,319765,55485,180,50,12299,212.7,53.47391304,53.49788434,5356150,16893,767,263,54969,949.79,53.36796117,53.53709767,2302325,9269,539385,2122,170,67,12658,218.09,53.4092827,53.69342932
10/25/2014,1183,7268335,80809,1192,894,298,63535,1099.62,53.3011745,53.34752005,476040,52796,161,58,11696,201.8,53.40639269,53.61744301,4333607,16509,618,198,43444,753.18,53.24019608,53.20773255,1886478,9318,572210,2186,115,42,8395,144.64,53.47133758,53.6988385
10/26/2014,1202,7867086,81162,1222,918,304,65124,1127.4,53.29296236,53.42912897,337542,51991,175,62,12638,218.44,53.32489451,53.51583959,4904211,16774,634,193,44059,763.87,53.27569528,53.34808279,2079043,10188,546290,2209,109,49,8427,145.09,53.33544304,53.72527397
10/27/2014,1557,8994586,86160,1589,1114,475,84816,1460.41,53.37696665,53.7006731,356927,56988,194,66,13838,239.78,53.22307692,53.3739261,5771378,17102,763,339,58835,1012.15,53.3892922,53.7390703,2321967,9781,544314,2289,157,70,12143,208.48,53.49339207,53.8900614
10/28/2014,1477,8648085,86844,1512,1022,490,80686,1386.98,53.36375661,53.81332103,354034,58704,178,88,14203,243.88,53.39473684,53.87485649,5661993,16260,671,333,53560,920.45,53.34661355,53.82584605,2187612,9818,444446,2062,173,69,12923,222.65,53.40082645,53.69413878
10/29/2014,1332,8961839,89344,1371,976,395,73148,1261.09,53.35375638,53.62741755,361288,60919,190,54,13044,225.58,53.45901639,53.4976505,5847035,17112,666,277,50268,867.03,53.30646872,53.58638109,2296037,9399,457479,1914,120,64,9836,168.48,53.45652174,54.01234568
10/30/2014,1343,9234493,91948,1361,968,393,72577,1251.83,53.32623071,53.57197063,374141,64165,157,51,11093,191.95,53.33173077,53.45662933,5891514,16990,658,295,50810,875.17,53.3158447,53.62158209,2503365,8844,465473,1949,153,47,10674,184.71,53.37,53.45677007
10/31/2014,1555,8740230,87706,1575,1204,371,83967,1454.53,53.31238095,53.37256708,339126,60633,211,86,15862,273.16,53.40740741,53.71943183,5729051,16454,778,232,53823,933.16,53.29009901,53.31132925,2267596,8830,404457,1789,215,53,14282,248.21,53.29104478,53.22106281
11/1/2014,1331,8862489,96661,1380,995,385,73460,1270.25,53.23188406,57.8311356,372964,65270,198,81,14856,256.59,53.24731183,57.89781363,5745762,18855,675,241,48711,844.17,53.1779476,57.70283237,2311672,10587,432091,1949,122,63,9893,169.49,53.47567568,58.36922532
11/2/2014,1330,9771224,101652,1391,1035,356,73916,1282.62,53.1387491,57.62891581,410472,67893,211,64,14618,254.02,53.15636364,57.54664987,6451977,19892,683,235,48737,846.47,53.09041394,57.57675996,2447682,11766,461093,2101,141,57,10561,182.13,53.33838384,57.98605392
11/3/2014,1918,11082041,101545,1985,1455,530,105830,1828.8,53.31486146,57.86854768,409151,69395,279,89,19621,339.69,53.31793478,57.76148842,7482556,19217,977,357,71145,1228.97,53.33208396,57.88994036,2687719,10580,502615,2353,199,84,15064,260.14,53.22968198,57.9072807
11/4/2014,1828,10775528,96249,1872,1400,472,100075,1726.64,53.45886752,57.95938933,379341,63544,243,74,16921,292.8,53.3785489,57.79030055,7246563,18981,956,313,67810,1170.95,53.4357762,57.91024382,2617904,11375,531720,2349,201,85,15344,262.89,53.65034965,58.36661722
11/5/2014,1888,11144935,102198,1956,1480,476,104615,1805.32,53.48415133,57.94817539,394217,68270,232,107,18125,311.17,53.4660767,58.24790308,7513215,20096,1031,300,71170,1230.14,53.47107438,57.85520347,2742791,11425,494712,2407,217,69,15320,264.01,53.56643357,58.028105
11/6/2014,2041,10437250,95690,2111,1566,545,112691,1946.19,53.38275699,57.90339073,397409,62922,273,86,19200,331.44,53.48189415,57.92903693,7126389,19240,1081,400,79002,1364.14,53.3436867,57.91341065,2412855,11220,500597,2308,212,59,14489,250.61,53.46494465,57.81493157
11/7/2014,1779,9677041,91894,1877,1477,400,100079,1736.38,53.3185935,57.63657725,390955,60092,248,71,17045,294.89,53.43260188,57.80121401,6430660,18258,957,281,65966,1144.05,53.28432956,57.6600673,2388090,11295,467336,2249,272,48,17068,297.44,53.3375,57.38300161
11/8/2014,1286,8712783,89489,1357,999,358,72162,1250.52,53.17759764,57.70559447,369870,57203,202,60,13904,242.08,53.06870229,57.43555849,5562450,18068,636,235,46335,802.29,53.19747417,57.7534308,2230767,11496,549696,2722,161,63,11923,206.15,53.22767857,57.8365268
11/9/2014,1369,9143953,92092,1459,1110,349,77462,1347.03,53.09252913,57.50577196,383674,58557,210,71,14954,259.17,53.21708185,57.69957943,5860457,18407,747,222,51398,895.32,53.04231166,57.40740741,2261189,12109,638633,3019,153,56,11110,192.54,53.15789474,57.70229563
11/10/2014,1731,12377323,96991,1856,1372,484,98846,1710.76,53.2575431,57.77899881,392671,61168,236,82,16920,293.18,53.20754717,57.71198581,8264122,21220,912,329,66079,1143.51,53.24657534,57.78611468,2994865,11499,725665,3104,224,73,15847,274.07,53.35690236,57.82099464
11/11/2014,1728,10747633,85651,1838,1380,458,97858,1695.66,53.24156692,57.71086185,368774,55681,242,78,17025,295.34,53.203125,57.64542561,7062723,15226,960,326,68449,1186.02,53.22628305,57.71319202,2637965,11807,678171,2937,178,54,12384,214.3,53.37931034,57.78814746
11/12/2014,1688,9807141,84882,1791,1333,458,95474,1651.48,53.30764936,57.81117543,378402,56847,216,72,15355,265.68,53.31597222,57.79509184,6132811,13098,901,314,64761,1120.12,53.30123457,57.81612684,2572281,11722,723647,3215,216,72,15358,265.68,53.32638889,57.80638362
11/13/2014,1620,9640672,84509,1737,1283,454,92447,1601,53.22222222,57.74328545,379770,58206,226,85,16589,286.39,53.34083601,57.92450854,6154148,13473,860,312,62315,1079.84,53.16979522,57.70762335,2409466,9647,697288,3183,197,57,13543,234.77,53.31889764,57.68624611
11/14/2014,1607,9900415,85981,1715,1262,453,91202,1580.39,53.17900875,57.7085403,388832,58297,224,81,16229,281.03,53.20983607,57.7482831,5924412,13558,844,305,61069,1058.71,53.14969539,57.68246262,2921067,10986,666104,3140,194,67,13904,240.65,53.27203065,57.77685435
11/15/2014,1326,8881157,82021,1414,1018,396,75089,1301.44,53.1039604,57.69685886,361453,53998,179,82,13890,239.6,53.2183908,57.97161937,5322645,13433,665,263,49272,853.91,53.09482759,57.70163132,2570208,11508,626851,3082,174,51,11927,207.93,53.00888889,57.36065022
11/16/2014,1330,9860813,84283,1417,1005,412,75039,1303.14,52.95624559,57.58322206,375704,54027,177,90,14178,244.68,53.1011236,57.94507111,5964053,14335,690,278,51249,890.46,52.94318182,57.55339937,2779621,12796,741435,3125,138,44,9612,168,52.81318681,57.21428571
11/17/2014,1730,10911073,91523,1820,1222,598,96752,1668.94,53.16043956,57.97212602,432533,60546,198,97,15693,270.51,53.19661017,58.01264279,6235393,14212,839,439,67936,1170.59,53.15805947,58.0356914,3243855,12448,999292,4317,185,62,13123,227.84,53.12955466,57.5974368
11/18/2014,1623,9112639,87192,1699,1215,484,90305,1563.18,53.15185403,57.77005847,406444,55928,206,76,14995,259.76,53.17375887,57.7263628,5125617,12231,784,323,58858,1017.97,53.16892502,57.8189927,2603541,14771,977037,4262,225,85,16452,285.45,53.07096774,57.63531266
11/19/2014,1545,8477897,82011,1626,1054,572,86470,1488.4,53.1795818,58.09594195,385715,53017,181,85,14149,244.09,53.19172932,57.9663239,4770704,11758,725,412,60447,1039.94,53.16358839,58.12546878,2434820,13044,886658,4192,148,75,11874,204.37,53.24663677,58.10050399
11/20/2014,1886,9283114,85814,1985,1369,616,105569,1822.78,53.18337531,57.91647922,393793,55127,238,78,16793,291.58,53.14240506,57.59311338,4617056,11796,923,441,72536,1251.29,53.17888563,57.96897602,3341386,14635,930879,4256,208,97,16240,279.91,53.24590164,58.01864885
11/21/2014,2047,8803780,88291,2158,1587,571,114672,1988.55,53.13809082,57.66613864,401502,57260,279,84,19319,335.34,53.22038567,57.61018668,4504139,11276,1028,391,75427,1306.49,53.15503876,57.73255057,2939399,15369,958740,4386,280,96,19926,346.72,52.99468085,57.47000461
11/22/2014,1653,8185733,84467,1755,1287,468,93136,1616.94,53.06894587,57.60015832,392316,53431,221,71,15544,269.51,53.23287671,57.67503989,4003520,11446,881,314,63402,1101.32,53.05606695,57.5690989,2806769,15132,983128,4458,185,83,14190,246.11,52.94776119,57.65714518
11/23/2014,1701,8606158,90825,1786,1330,456,94964,1646.92,53.17133259,57.66157433,457121,58531,219,66,15167,263.28,53.21754386,57.60786995,4225059,12213,930,309,65854,1143.03,53.15092817,57.61353595,2951450,15423,972528,4658,181,81,13943,240.61,53.21755725,57.94854744
11/24/2014,2065,10083902,90720,2183,1544,639,116097,2007.29,53.18231791,57.83768165,462948,58991,347,112,24432,423.62,53.22875817,57.67433077,5249417,12579,945,422,72698,1255.44,53.18068764,57.90639138,3277567,14621,1093970,4529,252,105,18967,328.23,53.12885154,57.78569905
11/25/2014,2068,9206141,86138,2191,1570,621,116462,2016.07,53.15472387,57.76684341,462638,56441,282,81,19321,335.55,53.22589532,57.58009239,4104294,10936,1018,409,75746,1312.75,53.08058865,57.70024757,3446869,14529,1192340,4232,270,131,21395,367.77,53.35411471,58.1749463
11/26/2014,2396,9609505,93762,2524,1965,559,134651,2333.43,53.34825674,57.70518079,531689,63205,472,130,32207,556.78,53.5,57.84510938,4501949,13087,1172,317,79407,1377.47,53.32907992,57.6469905,3394650,13200,1181217,4270,321,112,23037,399.18,53.20323326,57.71080715
11/27/2014,3694,9014719,111888,3841,3376,465,205838,3577.99,53.58969018,57.52894782,817523,81536,998,89,58273,1015.55,53.60901564,57.38072965,4087806,13544,1805,275,111453,1935.95,53.58317308,57.57018518,2658223,12638,1451167,4170,573,101,36112,626.49,53.57863501,57.64178199
11/28/2014,5264,11303908,153881,5473,4674,799,289970,5088.69,52.9819112,56.98323144,944881,110258,1208,168,72966,1281.68,53.02761628,56.92996692,5800398,23326,2655,494,166751,2925.48,52.95363607,56.99953512,3016589,15067,1542040,5230,811,137,50253,881.53,53.00949367,57.00656813
11/29/2014,2272,10581671,118059,2372,1797,575,126024,2189.43,53.12984823,57.5601869,653987,80159,442,135,30687,532.93,53.18370884,57.58167114,5745760,18778,1043,311,71844,1250.99,53.0605613,57.42971567,3012274,14912,1169650,4210,312,129,23493,405.51,53.27210884,57.93445291
11/30/2014,2020,11578630,117779,2109,1542,567,112208,1942.77,53.20436226,57.75670821,664089,77862,278,78,18929,329.18,53.17134831,57.50349353,6237333,19882,963,377,71235,1233.21,53.16044776,57.7638845,3487160,15591,1190048,4444,301,112,22044,380.38,53.37530266,57.95257374
12/1/2014,5580,13757815,147040,5728,4783,945,305002,5318.17,53.24755587,57.35093087,950645,104265,937,135,56992,998.23,53.1641791,57.09305471,7881350,23661,3015,648,195023,3397.86,53.24133224,57.39583149,3060819,13664,1865001,5450,831,162,52987,922.08,53.36052367,57.46464515
12/2/2014,2847,13015819,116220,2912,2125,787,155146,2682.19,53.27815934,57.84303125,605297,70823,303,102,21564,373.56,53.24444444,57.72566656,7981346,27234,1495,570,109975,1901.2,53.2566586,57.84504523,3262742,14033,1166434,4130,327,115,23607,407.43,53.40950226,57.94124144
12/3/2014,3151,13011417,105207,3223,2405,818,171731,2972.36,53.28296618,57.77597599,571439,67534,377,105,25642,445.73,53.19917012,57.52809997,8430322,22664,1592,582,115847,2002.82,53.2874885,57.84194286,2929465,11315,1080191,3694,436,131,30242,523.81,53.33686067,57.73467479
12/4/2014,2764,13939355,101533,2699,1858,841,143948,2478.19,53.33382734,58.08594176,543718,65409,252,87,18113,312.57,53.43067847,57.94861951,9275677,21841,1299,616,102132,1756.98,53.33263708,58.12929003,3086088,10878,1033872,3405,307,138,23703,408.64,53.26516854,58.00460063
12/5/2014,2981,12523825,96232,3067,2056,1011,163548,2812.21,53.32507336,58.15639657,519434,62889,321,139,24541,422.67,53.35,58.06184494,8134375,19071,1362,709,110411,1897.11,53.31289232,58.19957725,2855382,10835,1014634,3437,373,163,28596,492.43,53.35074627,58.07119794
12/6/2014,2643,11132161,92570,2721,1712,1009,145094,2487.11,53.32377802,58.33839275,482739,58859,281,126,21685,373.76,53.28009828,58.01851455,6679459,18465,1157,711,99585,1706.15,53.31102784,58.36825602,3038534,11945,931429,3301,274,172,23824,407.2,53.41704036,58.50687623
12/7/2014,2505,11755735,91472,2572,1624,948,136916,2351.32,53.23328149,58.22942007,468391,56710,269,127,21068,363.35,53.2020202,57.98266135,6847708,18612,1105,660,94067,1612.9,53.29575071,58.32165664,3481717,12699,957919,3451,250,161,21781,375.07,52.99513382,58.07182659
12/8/2014,3240,12737040,96541,3311,1792,1519,176779,3006.01,53.39142253,58.80852026,465173,61200,290,204,26354,450.08,53.34817814,58.55403484,7978763,19418,1226,992,118330,2015.48,53.34986474,58.71058011,3303226,12430,989878,3493,276,323,32095,540.45,53.58096828,59.3856971
12/9/2014,5096,12638576,97066,5199,2266,2933,278657,4681.75,53.59819196,59.51983767,498084,60770,351,188,28742,493.5,53.32467532,58.24113475,8402547,20400,1528,2143,196784,3300.73,53.60501226,59.61832685,2668995,12130,1068950,3766,387,602,53131,887.52,53.72194135,59.86456643
12/10/2014,3179,13083572,93730,3355,2354,1001,178873,3083.63,53.31535022,58.00728362,485818,58772,325,111,23246,402.07,53.31651376,57.81580322,8669926,19912,1620,756,126664,2180.52,53.30976431,58.08889623,3005675,12042,922153,3004,409,134,28963,501.04,53.3388582,57.80576401
12/11/2014,2947,12621884,84990,3035,2077,958,161611,2785.84,53.2490939,58.01158717,461550,53477,306,110,22110,383.34,53.14903846,57.67725779,8197409,19335,1441,707,114413,1969.63,53.26489758,58.08857501,2973739,9174,989186,3004,330,141,25088,432.87,53.26539278,57.9573544
12/12/2014,2853,11738333,83604,2934,2100,834,156129,2699.58,53.21370143,57.83455204,469843,53424,314,87,21271,370.85,53.04488778,57.35742214,7987556,19254,1439,619,109592,1891.19,53.25170068,57.94869897,2329071,8093,951863,2833,347,128,25266,437.54,53.19157895,57.74557755
12/13/2014,2289,10370178,78798,2359,1574,785,125497,2162.51,53.19923696,58.03302644,440712,50168,254,88,18165,315.32,53.11403509,57.60814411,6917534,18431,1102,571,89060,1532.65,53.23371189,58.10850488,2237863,7402,774069,2797,218,126,18272,314.54,53.11627907,58.09118077
12/14/2014,2262,11101118,81860,2328,1521,807,124013,2131.83,53.270189,58.17208689,446749,49665,176,78,13556,233.3,53.37007874,58.10544363,7306248,19913,1102,632,92412,1585.72,53.29411765,58.27762783,2464516,9439,883605,2843,243,97,18045,312.81,53.07352941,57.68677472
12/15/2014,6358,12200395,86960,6634,3599,3035,355974,6023.51,53.65902924,59.09743654,480679,54007,321,182,26846,460.08,53.37176938,58.35072161,8704985,20686,2750,2342,273374,4622.54,53.68695994,59.13934763,2064555,9224,950176,3043,528,511,55754,940.89,53.6612127,59.25666125
12/16/2014,4176,11655135,85181,4303,2099,2204,230113,3890.54,53.47734139,59.14680224,460723,50756,243,115,18985,328.47,53.03072626,57.79827686,8457960,21491,1540,1743,175666,2964.01,53.50776729,59.26633176,1834213,9956,902239,2978,316,346,35462,598.06,53.56797583,59.29505401
12/17/2014,3868,10907465,87167,3946,2329,1617,210879,3596.05,53.44120628,58.64184313,457622,51758,288,138,22653,390.78,53.17605634,57.96867803,8011038,23492,1655,1201,152654,2600.57,53.45028011,58.70020803,1620050,9090,818755,2827,386,278,35572,604.7,53.57228916,58.82586406
12/18/2014,4231,10510088,84075,4314,2509,1805,230568,3928.81,53.44645341,58.68647249,469985,52496,340,104,23578,410.08,53.1036036,57.49609832,7669354,20579,1778,1467,173618,2947.61,53.50323575,58.90127934,1641671,8562,729078,2438,391,234,33372,571.12,53.3952,58.43255358
12/19/2014,4277,10087955,86492,4355,2658,1697,232870,3974.91,53.47187141,58.58497425,450277,56151,380,144,27837,482.48,53.1240458,57.69565578,7404637,19856,1917,1294,171863,2927.76,53.52320149,58.70119135,1573497,8282,659544,2203,361,259,33170,564.67,53.5,58.74227425
12/20/2014,2698,8873455,80272,2755,1683,1072,147018,2514.66,53.36406534,58.46436496,433908,53695,311,129,23391,404.57,53.16136364,57.81694144,6335604,20147,1130,775,101674,1736.45,53.37217848,58.55279449,1484693,4430,619250,2000,242,168,21953,373.64,53.54390244,58.75441602
12/21/2014,1896,8853824,74438,2085,1268,817,111315,1902.71,53.38848921,58.50339779,418817,47754,189,81,14368,248.13,53.21481481,57.90513038,6395980,20114,911,633,82471,1407.05,53.4138601,58.61270033,1393482,4527,645545,2043,168,103,14476,247.53,53.41697417,58.48180019
12/22/2014,2745,10221943,77321,2801,1502,1299,149722,2542.01,53.45305248,58.89906019,418845,49653,236,128,19358,333.2,53.18131868,58.0972389,7648614,21278,1069,1013,111368,1886.17,53.49087416,59.04451879,1425174,4223,729310,2167,197,158,18996,322.64,53.50985915,58.87676667
12/23/2014,2714,9929319,74953,2766,1377,1389,148103,2502.81,53.54410701,59.17468765,388451,47073,185,165,18651,317.45,53.28857143,58.75255946,7432775,21026,974,1071,109605,1847.33,53.59657702,59.33157584,1442514,4686,665579,2168,218,153,19847,338.03,53.49595687,58.71372363
12/24/2014,3275,7399885,70684,3329,1578,1751,178552,3006.69,53.63532592,59.384905,355525,46703,141,144,15179,257.82,53.25964912,58.8744085,5265159,17555,1206,1338,136503,2297.7,53.65683962,59.40853897,1220999,4429,558202,1997,231,269,26870,451.17,53.74,59.55626482
12/25/2014,2574,7422395,87876,2626,1202,1424,140478,2368.76,53.4950495,59.30444621,462483,63810,171,127,15835,271.23,53.13758389,58.38218486,5049421,16674,859,1077,103680,1744.45,53.55371901,59.43420562,1258910,5255,651581,2137,172,220,20963,353.08,53.47704082,59.37181375
12/26/2014,3138,8645068,99250,3197,1671,1526,170827,2898.36,53.43353144,58.9391932,526537,72699,253,163,22161,379.63,53.27163462,58.37526012,6001186,18957,1171,1143,123732,2095.15,53.47104581,59.05639214,1421741,5121,695604,2473,247,220,24934,423.58,53.39186296,58.86491336
12/27/2014,2662,8172684,83380,2683,1422,1261,143549,2433.75,53.5031681,58.98263996,438287,55162,547,409,51105,870.01,53.45711297,58.74070413,5612699,19237,767,715,79334,1343.03,53.5317139,59.07090683,1532194,6544,589504,2437,108,137,13110,220.71,53.51020408,59.39921164
12/28/2014,2365,8972073,82881,2417,1286,1131,129270,2192.81,53.48365743,58.95175597,425584,51502,203,126,17521,300.44,53.25531915,58.31780056,6286251,20498,906,841,93501,1583.31,53.52089296,59.05413343,1665848,8417,594390,2464,177,164,18248,309.06,53.51319648,59.04355141
12/29/2014,2596,10532867,86631,2683,1451,1232,143334,2435.78,53.42303392,58.84521591,442564,53891,212,114,17294,298.46,53.04907975,57.94411311,7538754,22419,1067,968,108792,1845.14,53.46044226,58.96137962,1915284,7845,636265,2476,172,150,17248,292.18,53.56521739,59.0321035
12/30/2014,2603,10377064,82212,2645,1515,1130,141349,2407.2,53.44007561,58.71925889,415344,50808,160,101,13902,238.27,53.26436782,58.34557435,7245980,21699,1114,858,105406,1793.62,53.45131846,58.76718591,2090403,7330,625337,2375,241,171,22041,375.31,53.49757282,58.72745197
12/31/2014,3039,10021272,81618,3118,1793,1325,167005,2838,53.56,58.84,381106,49980,216,98,16747,288,53.33,58.09,7099774,22507,1367,1104,132481,2245,53.61,59,2027195,7025,513197,2106,210,123,17777,304,53.38,58.4
1/1/2015,2217,11724658,86191,2217,1337,880,118456,2069.52,53.37318041,58.46621439,394747,47417,200,119,17006,228.7,53.236,58.1941408,8242656,25498,966,656,86678,1581.87,53.36735871,58.4997503,2493073,11063,594182,2213,171,105,14772,258.95,53.53003534,58.50164124
1/2/2015,1924,12244970,92103,1924,1206,718,102626,1811.36,53.33737374,58.30315343,451517,54269,249,120,19665,271.14,53.21694915,57.89997787,8708491,25312,798,505,69486,1299.44,53.33614627,58.36668103,2416822,10220,668140,2302,159,93,13475,240.78,53.47908745,58.41432013
1/3/2015,1681,12091978,85415,1681,1000,681,89591,1570.14,53.24985474,58.36613296,404797,48027,185,140,17344,237.4,53.27307692,58.34456613,8642040,25100,673,451,59877,1127.19,53.22815534,58.36638011,2401025,9913,644116,2375,142,90,12370,205.55,53.34222222,58.38968621
1/4/2015,1375,12034952,80963,1375,845,530,73247,1290.08,53.2388377,58.22894704,359136,42555,158,92,13303,187.94,53.13170732,57.95466638,8564750,24954,576,364,50051,928.23,53.21948819,58.2517264,2505054,11167,606012,2287,111,74,9893,173.91,53.45789474,58.40377207
1/5/2015,1689,12469885,81013,1689,969,720,90102,1588.47,53.31192661,58.53179475,367430,45824,198,124,17194,216.55,53.3164557,58.35142,8808078,23136,622,532,61550,1171.55,53.29868115,58.64197004,2667506,9554,626871,2499,149,64,11358,200.37,53.3853211,58.08254729
1/6/2015,1439,12552592,81472,1439,829,610,76755,1346.86,53.31237323,58.54283296,362654,45083,167,87,13530,194.03,53.25943396,58.19203216,8782412,24719,554,456,53868,1005.24,53.29683258,58.58600931,2771998,9230,635528,2440,108,67,9357,147.59,53.48765432,58.7099397
1/7/2015,1535,12143747,80801,1535,817,718,81865,1439.5,53.29842271,58.68565474,351839,44797,165,119,15135,209.62,53.23478261,58.41045702,8616598,24743,565,516,57650,1067.43,53.28996599,58.71017303,2606639,8919,568671,2342,87,83,9080,162.45,53.43575419,58.87965528
1/8/2015,1725,11639660,82053,1725,899,826,92090,1615.34,53.33688939,58.80681466,356766,47290,158,163,17165,207.28,53.42358079,59.02161328,8230789,23290,630,557,63323,1207.6,53.29526672,58.74130507,2498276,9283,553829,2190,111,106,11602,200.46,53.49773756,58.9793475
1/9/2015,1618,10960644,78350,1618,835,783,86323,1532.84,53.29982259,58.79935284,347761,45674,179,182,19323,267.98,53.15824916,58.91484439,7656788,22809,533,500,55031,1040.66,53.2929381,58.73868507,2391450,7681,564645,2186,123,101,11969,224.2,53.50202429,58.94290812
1/10/2015,1292,9424937,76427,1292,701,591,68864,1128.48,53.31672026,58.77463491,342158,43456,417,361,41488,186.47,53.35121951,58.65286641,6421203,22295,234,178,21924,774.2,53.264637,58.75484371,2141786,8580,519790,2096,50,52,5452,167.81,53.51891892,59.00125142
1/11/2015,1259,9335344,74272,1259,647,612,67190,1106.41,53.39918033,58.88142732,328753,41775,321,355,36143,184.38,53.47783251,58.8784033,6375576,21839,254,212,24823,771.83,53.40140845,58.94821398,2093943,8552,537072,2106,72,45,6224,150.2,53.29090909,58.54194407
1/12/2015,1435,10635433,75521,1435,688,747,76617,1329.65,53.34285714,58.97341406,343344,44447,139,157,15841,193.91,53.39069767,59.19756588,7596177,21474,467,503,51710,971.17,53.27958993,58.86610995,2126073,7461,569839,2139,82,87,9066,164.57,53.65934066,59.34252902
1/13/2015,1410,10392445,71610,1410,680,730,75327,1326.45,53.35607094,58.96942968,338860,41108,157,142,15977,217.1,53.14644351,58.50760018,7136848,20641,452,504,51054,944.43,53.36842105,59.05149138,2294194,7730,622543,2131,71,84,8296,164.92,53.56043956,59.10744603
1/14/2015,1472,11955075,85598,1472,757,715,78517,1381.04,53.29593176,58.81292359,344433,41808,141,130,14485,202.65,53.38839286,59.01307673,6687161,20437,510,474,52444,977.03,53.25162488,58.70034697,4379532,21190,543949,2163,106,111,11588,201.36,53.41704036,59.15772745
1/15/2015,1586,11717600,82116,1586,837,749,84671,1461.63,53.39230292,58.84868264,347160,42833,231,209,23531,236.52,53.43678161,58.96752917,5924087,16594,512,458,51730,1033.04,53.35676626,58.77797568,4879978,20632,566375,2057,94,82,9410,192.07,53.52830189,59.08262613
1/16/2015,1372,12240445,95574,1372,719,653,73165,1264.61,53.21577061,58.70268304,339757,43121,316,309,33392,219.39,53.47736626,59.23241716,5480785,14981,320,278,31825,855.41,53.09862142,58.53567295,5894040,35410,525863,2062,83,66,7948,189.81,53.44019139,58.84305358
1/17/2015,1217,10615343,109356,1217,665,552,64818,1124,53.22716249,58.57829181,322365,39472,140,127,14285,188.38,53.49519231,59.06677991,4734350,14035,421,337,40320,753.12,53.15338164,58.4382303,5066591,53797,492037,2052,104,88,10213,182.5,53.25373134,58.65205479
1/18/2015,1097,10726913,104088,1097,642,455,58369,1038.88,53.17734855,58.30221007,316379,38652,158,113,14446,204.92,53.28,58.50087839,4840171,14743,366,267,33665,652.22,53.13706294,58.25181687,5074142,48574,496221,2119,118,75,10258,181.74,53.20603015,58.25905139
1/19/2015,1287,12066618,121741,1287,691,596,68609,1193.02,53.28082192,58.68384436,326803,41106,137,99,12598,181.84,53.365,58.69445667,5338249,15772,450,401,45343,825.83,53.23982398,58.60164925,5855535,62665,546031,2198,104,96,10668,185.35,53.3804878,59.03965471
1/20/2015,1385,11345074,96070,1385,669,716,73977,1273.33,53.3359375,58.97685596,313302,38951,146,129,14689,200.74,53.33484163,58.71774435,4701177,14243,402,449,45440,795.67,53.2480091,58.82463836,5795816,40717,534779,2159,121,138,13848,276.92,53.58766234,59.60205113
1/21/2015,1511,10898803,103780,1511,686,825,80744,1382.61,53.43407311,59.20758565,321682,39864,149,179,17545,251.17,53.4352518,59.14320978,4746463,13159,442,527,51747,914.77,53.39980257,59.13398996,5151070,48540,679588,2217,95,119,11452,216.67,53.57676349,59.59292934
1/22/2015,1445,10417681,94770,1445,645,800,77161,1342.79,53.37836022,59.15072349,331547,42516,132,130,13988,287.93,53.38679245,58.96224777,4472950,12117,409,528,50008,825.53,53.29134721,58.93789444,4943061,38039,670123,2098,104,142,13165,229.33,53.6770428,60.1534906
1/23/2015,1370,9430752,99538,1370,670,700,73154,1280.92,53.39548023,59.02632483,330784,42768,140,155,15785,217.09,53.47717842,59.36708278,3934260,11594,413,429,44900,834.83,53.3329718,58.90181235,4401723,42966,763985,2210,117,116,12469,229,53.54545455,59.15720524
1/24/2015,1251,8099765,114878,1251,560,691,66794.67,1152.74,53.40062598,59.20328955,318910,41063,87,215,16231.67,235,53.76893939,60.40425532,3248942,11228,387,381,40888,695.71,53.2125163,58.66524845,3747496,60542,784417,2045,86,95,9675,222.03,53.59109312,59.61806963
1/25/2015,1154,8204428,108924,1154,593,561,61446,1074.35,53.21687764,58.69781728,317683,39925,113,112,11997,162.83,53.22222222,58.83436713,3303561,11015,383,362,39632,725.23,53.16520651,58.57314231,3830898,55894,752286,2090,97,87,9817,186.29,53.41262136,59.06382522
1/26/2015,1548,8880659,95005,1548,734,814,82744,1434.42,53.39974779,59.04267927,322801,41894,160,190,18734,255.38,53.48409894,59.268541,3767449,11301,455,528,52534,966.29,53.35453695,59.02575831,4013081,39614,777328,2196,119,96,11476,212.75,53.5042735,58.84841363
1/27/2015,1502,9458415,96884,1502,819,683,80336,1401.15,53.48539909,58.82382329,335838,41101,151,152,16232,203.1,53.51111111,59.28114229,3994754,11692,521,409,49674,936.64,53.43385214,58.64579775,4297998,41690,829825,2401,147,122,14430,261.41,53.64930556,59.10638461
1/28/2015,1585,10022785,93910,1585,898,687,84632,1464.06,53.35820896,58.60415557,373687,45892,182,141,17280,216.79,53.45378151,58.68351861,4538079,12075,552,417,51693,971.48,53.31677601,58.55910569,4359709,33383,751310,2560,164,129,15659,275.79,53.4290429,58.7004605
1/29/2015,1777,12436368,91181,1777,962,815,94944.67,1651.28,53.41001651,58.77016617,364788,45608,182,140,17188,232.49,53.19215686,58.34229429,4482307,13275,586,492,57554.67,1055.29,53.39621016,58.74498953,6698632,28744,890641,3554,194,183,20202,363.5,53.58852868,59.11691884
1/30/2015,2452,10743214,101243,2452,1545,907,130595.69,2302.91,53.4644418,58.43476297,385852,52114,320,216,28529.11,376.25,53.47457627,58.69767442,4320968,14083,922,534,77538.2,1465.49,53.45193508,58.43096848,5153731,31401,882663,3645,303,157,24528.38,461.17,53.49601594,58.23232214
1/31/2015,1834,10102479,101294,1834,1104,730,97436.76,1711.51,53.48132337,58.55881648,367107,46038,251,176,22711.78,324.7,53.59550562,58.76193409,3954263,14325,635,404,55080.93,1039.34,53.42530756,58.49673831,5028981,37595,752128,3336,218,150,19644.05,347.47,53.54210526,58.55469537
2/1/2015,1653,10688473,103049,1653,809,844,80451.51,1577.53,48.67,53.70725121,331854,41019,122,176,14503.66,279.08,48.67,54.06227605,4118137,14445,527,522,51054.83,1001.29,48.67,53.65279789,5359197,44351,879285,3234,160,146,14893.02,297.16,48.67,53.55730919
2/2/2015,2061,11781330,101443,2061,1170,891,100308.87,1926.43,48.67,53.42907866,374322,47297,158,143,14649.67,279.51,48.67,53.63085399,4832510,14221,786,564,65704.5,1262.77,48.67,53.37336174,5606862,36313,967636,3612,226,184,19954.7,384.15,48.67,53.46541715
2/3/2015,2426,10790113,102049,2426,1557,869,118073.42,2275.21,48.67,53.14495805,405551,52015,295,131,20733.42,401.47,48.67,52.97728348,4816874,13478,929,521,70571.5,1363.61,48.67,53.1241484,4567287,33009,1000401,3547,333,217,26768.5,510.13,48.67,53.33254269
2/4/2015,2667,12909733,115330,2667,1595,1072,129802.89,2502.54,48.67,53.34265986,414592,52497,256,166,20538.74,403.75,48.67,53.401387,4839216,13655,983,661,80013.48,1543.13,48.67,53.32752263,6700340,45472,955585,3706,356,245,29250.67,555.66,48.67,53.3420257
2/5/2015,2567,14408113,124365,2566,1436,1130,124887.22,2404.24,48.67,53.47502745,418018,52209,256,136,19078.64,366.48,48.67,53.12158917,5289999,14272,870,732,77969.34,1500.91,48.67,53.53052481,7511021,53737,1189075,4147,310,262,27839.24,536.85,48.67,53.56114371
2/6/2015,2451,14070760,120573,2451,1451,1000,119290.17,2309.2,48.67,53.38693487,421030,52693,232,131,17667.21,358.5,48.67,53.35372385,5193017,14527,891,610,73053.67,1408.73,48.67,53.3434228,7257208,49363,1199505,3990,328,259,28569.29,541.97,48.67,53.52200306
2/7/2015,1984,13408377,129568,1984,1081,903,96561.28,1846.38,48.67,53.55241066,400530,50186,190,137,15915.09,307.99,48.67,53.38092146,4482903,14216,669,540,58842.03,1125.71,48.67,53.51626085,7433075,61753,1091869,3413,222,226,21804.16,412.68,48.67,53.77900552
2/8/2015,2016,13939543,125286,2016,1086,930,98118.72,1870.43,48.67,53.57673369,399571,48401,165,140,14844.35,280.73,48.67,53.57115378,4935879,14685,693,527,59377.4,1135.36,48.67,53.45572329,7511640,58565,1092453,3635,228,263,23896.97,454.34,48.67,53.88257692
2/9/2015,2491,16798642,123617,2490,1412,1078,121188.3,2405.76,48.67,53.3845687,426004,52586,219,160,18445.93,371.59,48.67,53.30792002,6200293,14903,904,578,72128.94,1445.89,48.67,53.21124014,9017538,52019,1154807,4109,289,340,30613.43,588.28,48.67,53.85899572
2/10/2015,2429,15162092,120602,2428,1376,1052,118170.76,2312.32,48.67,53.44118894,409837,50518,226,163,18932.63,373.64,48.67,53.40621989,5495754,13549,852,574,69403.42,1364.11,48.67,53.30433763,8095706,52756,1160795,3779,298,315,29834.71,574.57,48.67,53.78883339
2/11/2015,2960,15715235,125857,2960,1900,1060,144063.2,2773.41,48.67,53.14832282,447491,51946,305,157,22485.54,438.12,48.67,53.10020086,5561358,13768,1173,664,89406.79,1716.79,48.67,53.15516167,8600147,56515,1106239,3628,422,239,32170.87,618.5,48.67,53.16342765
2/12/2015,2540,15722258,127524,2540,1366,1174,123621.8,2365.41,48.67,53.55858392,419533,55152,214,150,17715.88,348.86,48.67,53.29341283,5743230,15695,821,665,72323.62,1384.76,48.67,53.49355845,8468369,53110,1091126,3567,331,359,33582.3,631.79,48.67,53.84752845
2/13/2015,2496,15073384,121303,2496,1295,1201,121480.32,2326.89,48.67,53.65038743,396114,54448,215,162,18348.59,348.54,48.67,53.48198198,5711071,15076,781,739,73978.4,1408.3,48.67,53.67074487,7947674,48251,1018525,3528,299,300,29153.33,570.05,48.67,53.70306113
2/14/2015,1956,13087218,131191,1956,1109,847,95198.52,1767.38,48.67,53.47867465,384060,50820,198,153,17083.17,308.58,48.67,53.46791756,5110496,14044,676,426,53634.34,996.94,48.67,53.31077096,6615029,63141,977633,3186,235,268,24481.01,461.86,48.67,53.84828736
2/15/2015,2156,12736637,127116,2156,1187,969,104932.52,1924.78,48.67,53.5051902,392098,49832,239,191,20928.1,351.15,48.67,53.50027054,5563063,16068,698,513,58939.37,1115.11,48.67,53.37895813,5726324,57899,1055152,3317,250,265,25065.05,458.52,48.67,53.81595132
2/16/2015,2525,14978614,131008,2525,1221,1304,122891.75,2223.24,48.67,54.32593872,397459,52194,584,460,50811.48,341.11,48.67,53.93351118,6687570,16759,575,793,66580.56,1478.11,48.67,53.7635494,6891664,58579,1001921,3476,62,51,5499.71,404.02,48.67,53.58269393
2/17/2015,1760,15251920,127054,1760,970,790,85659.2,1649.93,48.67,52.88444964,390077,51599,174,155,16012.43,315.11,48.67,52.79258037,6564811,15846,601,494,53293.65,1014.49,48.67,52.91625349,7178889,55664,1118143,3945,195,141,16353.12,320.33,48.67,52.87409859
2/18/2015,1910,15591747,126497,1910,1069,841,92959.7,1751.24,48.67,52.8320904,387994,51080,156,123,13578.93,321.24,48.67,52.72431827,6425204,15339,674,545,59328.73,1065.11,48.67,52.86889617,7600756,56265,1177793,3813,239,173,20052.04,364.89,48.67,52.81953465
2/19/2015,2197,18553094,126834,2197,1180,1017,106927.99,2064.42,48.67,52.73868205,399800,53848,177,141,15477.06,411.79,48.67,52.59513344,6425821,15867,725,681,68430.02,1281.61,48.67,52.786183,10472804,53058,1254669,4061,278,195,23020.91,371.02,48.67,52.7339227
2/20/2015,1981,16769932,126400,1981,1085,896,96415.27,1866.19,48.67,52.81174478,399419,54189,186,181,17861.89,339.1,48.67,52.67440283,5923012,14998,649,505,56165.18,1090.14,48.67,52.86043994,9243355,53185,1204146,4028,250,210,22388.2,436.95,48.67,52.79684174
2/21/2015,1628,15756135,139707,1628,895,733,79234.76,1533.52,48.67,52.90000783,407424,55654,156,138,14308.98,275.95,48.67,52.73538685,5435166,15528,544,414,46625.86,902.95,48.67,52.97407387,8679909,64544,1233636,3981,195,181,18299.92,354.62,48.67,52.83951836
2/22/2015,1509,15204324,131643,1509,870,639,73443.03,1419.63,48.67,52.83099822,380678,51607,135,113,12070.16,236.37,48.67,52.71193468,5859492,15698,549,410,46674.53,899.69,48.67,52.85219353,7757933,60418,1206221,3920,186,116,14698.34,283.57,48.67,52.86299679
2/23/2015,2040,18187682,128490,2039,1030,1009,99238.13,1921.53,48.67,52.85108741,389493,54676,150,148,14503.66,286.12,48.67,52.56196701,6646261,16350,667,594,61372.87,1184.62,48.67,52.81886174,9912825,53364,1239103,4100,213,267,23361.6,450.79,48.67,53.11927949
2/24/2015,2161,17498488,126969,2161,1181,980,105175.87,2050.63,48.67,52.7610588,392290,53888,157,146,14747.01,291.34,48.67,52.62253724,6738892,16636,697,612,63709.03,1242.3,48.67,52.85022136,9395119,53188,972187,3257,327,222,26719.83,516.99,48.67,52.62486702
2/25/2015,2327,15624965,129307,2325,1232,1093,113157.75,2195.71,48.67,52.66189524,409222,58191,168,128,14406.32,279.99,48.67,52.66977392,6285501,15580,762,665,69452.09,1350.07,48.67,52.62581199,7960993,52724,969249,2812,302,300,29299.34,565.65,48.67,52.74411739
2/26/2015,1969,15614167,131022,1968,1098,870,95782.56,1854.5,48.67,52.77722836,423815,58903,148,130,13530.26,259.1,48.67,52.78375145,6027508,14475,694,573,61664.89,1197.08,48.67,52.85444582,8260975,54862,901869,2782,256,167,20587.41,398.32,48.67,52.54092187
2/27/2015,2179,15304169,123736,2175,1252,923,105857.25,2020.97,48.67,52.76474663,413811,53345,178,122,14601,279.64,48.67,52.73569589,6226934,15055,788,620,68527.36,1311.9,48.67,52.75458495,7874456,52473,788968,2863,286,181,22728.89,429.43,48.67,52.81470787
2/28/2015,1707,13255657,132023,1706,937,769,83031.02,1591.45,48.67,52.63819787,412069,49605,150,91,11729.47,224.57,48.67,52.66424723,6243444,16845,613,542,56213.85,1077.15,48.67,52.55832521,5880555,62744,719589,2829,174,136,15087.7,289.73,48.67,52.9149553
3/1/2015,1828,14227991,136796,1826,994,832,88871.42,1695.8,48.67,53.5547942,412595,50677,183,134,15428.39,230.12,48.67,53.50908222,7007468,17846,582,541,54656.41,1159.7,48.67,53.67675261,5945031,65343,862897,2930,229,157,18786.62,305.98,48.67,53.1269364
3/2/2015,1952,18432433,127569,1951,1066,885,94812.80843,1818.22,48.59703148,53.48233987,405068,51994,207,158,17764.55,266.91,48.67,53.6097561,7586871,16621,636,511,55693.2412,1161.15,48.5555721,53.35823106,9569735,56070,870759,2884,223,216,21366.13,390.16,48.67,53.7645325
3/3/2015,2317,15601357,126879,2315,1379,936,112623.4693,2160.19,48.64944679,53.32951731,419441,54054,232,161,19067.16123,290.17,48.51694969,53.1701761,7604191,17307,805,596,68186.67,1428.7,48.67,53.41538462,6744169,52666,833556,2852,342,179,25357.07,441.32,48.67,53.15630382
3/4/2015,2195,15278428,116470,2195,1291,904,106830.65,2034.73,48.67,53.3886265,396978,48005,216,138,17229.18,265.21,48.67,53.40285057,7228736,18233,775,586,66239.87,1343.1,48.67,53.44966868,6835697,47474,817017,2758,300,180,23361.6,426.42,48.67,53.18751466
3/5/2015,2039,12198282,83588,2039,1199,840,99238.13,1910.88,48.67,53.38499539,401748,47211,181,145,15866.42,232.28,48.67,53.43055795,6563977,17690,734,549,62443.61,1289.98,48.67,53.46237151,4445125,15809,787432,2878,284,146,20928.1,388.62,48.67,53.10092121
3/6/2015,1912,12244364,81351,1911,1055,856,93008.37,1769.058573,48.67,53.45544317,384006,46442,317,191,24724.36,236.2988821,48.67,53.46737845,5998442,16904,504,472,47501.92,1173.645901,48.67,53.50658464,5051667,15110,810249,2895,234,193,20782.09,359.1137893,48.67,53.28045055
3/7/2015,1498,11652654,78495,1498,867,631,72907.66,1399.27028,48.67,53.35622508,352129,41878,365,257,30272.74,187.0836096,48.67,53.38952616,5611973,17517,305,242,26622.49,928.3006796,48.67,53.40473469,4901086,16308,787466,2792,197,132,16012.43,283.8859907,48.67,53.17565403
3/8/2015,1442,11306251,74040,1442,891,551,70182.14,1337.156923,48.67,53.32324785,317079,37562,316,190,24627.02,179.0964414,48.67,53.36555691,5312774,16731,395,241,30954.12,887.0136194,48.67,53.37196973,4919405,16944,756993,2803,180,120,14601,271.0468618,48.67,53.13584716
3/9/2015,1727,12473815,72053,1727,949,778,83905.45577,1555.280294,48.58451405,53.35523784,301565,36625,340,230,27741.9,207.3955072,48.67,53.46492148,5708850,16400,397,380,37749.90713,1031.821328,48.58417907,53.40580545,5634278,16077,829122,2951,212,168,18441.13967,316.0634595,48.52931493,53.11818216
3/10/2015,1692,12822199,72052,1692,915,777,82158.68431,1570.705892,48.55714203,53.32702348,293891,36359,140,87,11048.09,209.4828809,48.67,53.4680357,6027883,16541,531,499,50130.1,1039.506755,48.67,53.50676212,5748663,16242,751762,2910,244,191,20930.90228,321.716256,48.11701675,52.65444578
3/11/2015,1780,13280451,69369,1780,879,901,86632.6,1658.743396,48.67,53.54821621,240332,35168,192,147,16499.13,221.3280991,48.67,53.54011901,5093273,15251,465,554,49594.73,1100.48886,48.67,53.60168613,7253926,16307,692920,2643,222,200,20538.74,336.9264367,48.67,53.37888868
3/12/2015,1725,14404879,71993,1725,879,846,83955.75,1595.833706,48.67,53.52427993,309299,39394,228,165,19127.31,213.2761391,48.67,53.52283863,5056544,14210,478,485,46869.21,1058.663097,48.67,53.57815703,8214394,15711,824642,2678,173,196,17959.23,323.8944695,48.67,53.34912934
3/13/2015,1668,13895896,72288,1667,832,835,81132.89,1558.564016,48.67,53.52387142,305077,39377,179,175,17229.18,208.0441927,48.67,53.52115203,4857367,14200,458,501,46674.53,1034.010718,48.67,53.5768219,7879289,15703,854163,3008,195,159,17229.18,316.5091053,48.67,53.35267377
3/14/2015,1387,12804335,68559,1386,783,603,67456.62,1273.510259,48.67,53.42764967,293343,35235,208,126,16255.78,170.2422075,48.67,53.44619076,4233369,13709,433,359,38546.64,844.8544893,48.67,53.47845088,7528752,16641,748871,2974,142,118,12654.2,258.4135627,48.67,53.24934595
3/15/2015,1416,12524043,64841,1415,753,662,68868.05,1320.844308,48.67,53.42908286,284103,34149,193,125,15477.06,176.742281,48.67,53.44850622,4231875,12987,409,419,40298.76,876.2063318,48.67,53.48066714,7251204,14812,756861,2893,151,118,13092.23,267.8956956,48.67,53.24755175
3/16/2015,1620,13330744,66610,1615,817,798,78223.92829,1513.793117,48.43586891,53.20994598,299309,36724,189,171,17442.23443,201.948914,48.4506512,53.23339689,4875644,12774,445,464,43961.04291,1005.932792,48.3619834,53.17657969,7345395,14058,810396,3054,183,163,16839.82,305.9114118,48.67,53.30418357
3/17/2015,1598,13291721,64781,1598,956,642,77774.66,1501.044004,48.67,53.37006762,288053,33800,183,94,13481.59,200.8134711,48.67,53.40130884,4646476,12364,562,417,47647.93,995.7789078,48.67,53.41950177,7534890,15687,822302,2930,211,131,16645.14,304.4516252,48.67,53.18777547
3/18/2015,1660,13687727,67995,1659,978,681,80649.80565,1571.557242,48.61350551,53.29813496,296121,34597,229,124,17106.15679,210.6543921,48.45936767,53.15492835,4824410,13351,544,440,47891.28,1041.393182,48.67,53.41012892,7792375,17108,774821,2939,205,117,15626.85022,319.5096679,48.53059076,53.02752456
3/19/2015,1714,12804078,70745,1712,963,749,83275.37236,1593.223904,48.64215675,53.36757113,303788,36191,192,125,15362.72441,214.0711749,48.46285303,53.19043533,4773059,13924,534,487,49692.07,1056.263279,48.67,53.44988373,6932506,17869,794725,2761,237,137,18202.58,322.88945,48.67,53.21574174
3/20/2015,1619,12410048,68682,1618,966,652,77935.73171,1502.164103,48.16794296,52.84427303,306204,35998,195,101,13896.92662,206.3090352,46.94907641,51.48711418,4639314,13508,544,421,46579.46747,994.3757952,48.26887821,53.00834702,6740751,15990,723779,3186,227,130,17375.19,301.4792727,48.67,53.23183842
3/21/2015,1329,11006747,64118,1325,843,482,64201.56176,1233.801436,48.45400888,53.0959181,293940,34117,203,102,14681.48169,166.2656713,48.13600553,52.77424621,4023868,12320,426,263,33421.4431,817.557677,48.50717431,53.20436388,5982695,14623,706244,3058,214,117,16050.75718,249.9780878,48.49171354,52.95519501
3/22/2015,1339,11154419,65884,1339,818,521,64161.35995,1239.050424,47.91737113,52.51746721,300754,35139,198,126,14474.69625,178.1174731,44.67498842,48.89013195,4390754,12977,460,304,36975.63353,813.5930101,48.39742608,53.10826445,5718786,14639,744125,3129,160,91,12216.17,247.3399405,48.67,53.18627663
3/23/2015,1633,12511951,76298,1634,922,712,78290.11955,1524.828426,47.91316986,52.53759611,350244,44804,238,175,18818.1351,214.618317,45.56449176,49.90909152,5045818,13389,493,456,45769.08583,1004.794727,48.22875219,52.94286821,6374633,14800,741256,3305,191,81,13198.5938,305.4153818,48.52424189,53.05135534
3/24/2015,1583,15182203,80780,1583,886,697,76185.37643,1471.561463,48.1272119,52.78564434,360670,42426,185,148,15836.1592,199.1595306,47.55603362,52.16314859,5163166,14456,468,431,43467.22671,971.6070529,48.35064151,53.0875272,8970495,20775,687872,3123,233,118,16771.38734,300.7948793,47.78173031,52.2226841
3/25/2015,1562,17008827,95360,1562,901,661,75543.20494,1446.346862,48.36312736,53.03286648,341495,40067,170,115,13740.50569,193.8650627,48.21230066,52.88948759,5571730,14827,516,360,42432.19297,958.0265193,48.43857645,53.16644734,10395792,37273,699810,3193,215,186,19334.72041,294.4552796,48.21626036,52.69265235
3/26/2015,1475,17360525,100707,1475,893,582,70839.92437,1381.569823,48.02706737,52.63069503,340411,40465,147,76,10485.97901,188.6918607,47.02232742,51.52754185,6125875,16140,534,384,44233.19194,913.5116791,48.18430495,52.85537542,10162617,40742,731622,3360,212,122,16095.97116,279.3662828,48.19153041,52.64110383
3/27/2015,1543,15466380,95508,1543,903,640,74330.03686,1427.888516,48.17241534,52.79812056,329675,38756,185,107,13876.73069,193.548036,47.5230503,52.0957769,6463380,15408,541,351,42954.27239,947.6619429,48.15501389,52.82586095,7960159,37948,713166,3396,177,182,17472.53,286.6785369,48.67,53.18060026
3/28/2015,1270,12569824,90506,1272,801,471,61293.88342,1197.648373,48.18701527,52.70744854,312079,35464,186,98,13822.28,158.5815246,48.67,53.30634346,5500252,14092,431,269,33600.80057,797.7197447,48.00114367,52.54253176,6111944,37673,645549,3277,184,104,13963.68785,241.3471039,48.48502727,52.85902982
3/29/2015,1217,12981770,95469,1217,727,490,58416.71878,1128.40952,48.00059061,52.57730369,311691,36600,149,117,12487.33354,154.5292106,46.94486293,51.42407381,5766080,14774,427,256,32916.26988,745.4871669,48.19366015,52.84259709,6216555,40788,687444,3307,151,117,12886.61472,228.3931421,48.0843833,52.49163945
3/30/2015,1405,13725175,99802,1423,872,551,68111.08046,1323.432941,47.86442759,52.44196201,327419,39067,147,82,10804.9973,179.259816,47.18339433,51.70386952,6078886,14809,516,360,42101.40883,874.3918757,48.06096898,52.70958406,6656963,42595,661907,3331,209,109,15161.84492,269.7812491,47.67875762,52.06500391
3/31/2015,1436,12604342,94047,1503,864,639,72099.16541,1394.912838,47.97016993,52.61573196,326934,37889,279,184,21777.54192,190.1012612,47.03572768,51.57958352,5727307,14253,403,312,34386.98592,923.0144332,48.0936866,52.8035902,5882538,38653,667563,3252,182,143,15663.7446,281.7971438,48.19613724,52.69939941
4/1/2015,1628,12462226,77537,1628,979,649,79729.59742,1514.24,48.97395419,53.65582074,341940,38527,251,114,17993.00761,580.05,49.29591125,53.6259288,6251987,14448,566,450,49620.38597,849.01,48.83896257,53.78550312,5156128,20736,712171,3826,162,85,11892.22667,85.18,48.14666667,52.56679972
4/2/2015,1295,12580225,71667,1295,702,593,63408.20078,1220.87,48.96386161,53.90207803,345540,36497,130,105,11563.72653,446.53,49.20734694,53.99771572,6400116,14375,461,320,38140.27709,722.09,48.83518193,53.90136964,5119705,17073,714864,3722,111,168,13578.93,52.25,48.67,53.09454545
4/3/2015,1466,12030823,73557,1466,846,620,71756.6384,1397.86,48.94722947,53.71428469,354350,38246,261,146,19966.79949,560.31,49.05847541,53.40913066,6020929,14597,461,305,37444.01661,802.46,48.88252822,53.97143783,4954955,17096,700589,3618,124,169,14260.31,35.09,48.67,52.7061841
4/4/2015,1011,10678584,67092,1011,610,401,49540.37018,942.88,49.00135528,53.68488037,315225,34293,435,254,33649.18013,430.28,48.83770701,53.45951473,5208902,12542,100,93,9491.034808,474.03,49.17634615,53.94531992,4537470,16783,616987,3474,75,54,6278.43,38.57,48.67,52.99818512
4/5/2015,849,10685504,62890,849,526,323,41574.56632,805.6,48.96886493,53.55209782,291520,31221,122,67,9252.428595,338.21,48.95464865,53.55613376,4951602,11454,333,205,26360.42944,441.77,48.99708075,53.56993458,4830191,16977,612191,3238,71,51,5937.74,25.62,48.67,53.19125683
4/6/2015,1330,13564313,77528,1329,717,612,65147.21351,1253.88,49.01972424,53.87212492,372198,40189,165,122,14059.80725,526.87,48.98887543,53.74299163,6704936,14322,449,398,41562.30138,676.61,49.07001344,53.95736096,5744929,18833,742250,4184,103,92,9490.65,50.4,48.67,54.07777778
4/7/2015,1466,14155860,75799,1466,740,726,71709.28772,1363.53,48.91493023,53.98998922,351614,37286,149,123,13300.8428,521.65,48.90015734,53.62003259,7123611,16070,488,431,44973.5262,799.38,48.9374605,54.24027371,5921096,18357,759539,4086,103,172,13384.25,42.5,48.67,53.82329412
4/8/2015,1331,13365055,75960,1333,720,613,65286.41156,1270.93,48.97705293,53.87387189,356696,37285,159,115,13549.11463,432.02,49.44932347,54.13992408,6618522,14500,471,424,43596.03323,764.94,48.71065166,53.74511726,5623476,20334,766361,3841,90,74,8035.190123,73.97,48.99506173,53.65148033
4/9/2015,1338,12787406,73478,1338,744,594,65625.1812,1270.8,49.04722063,53.87938307,349868,36267,110,89,9685.33,173.56,48.67,53.28013367,6571109,14739,493,420,44844.45457,855.42,49.11769394,54.03164527,5114848,18596,751581,3876,141,85,11089.24008,241.82,49.06743396,53.77086263
4/10/2015,1445,12164210,75372,1445,733,712,70684.44157,1355.32,48.91656856,53.95793613,364894,38642,117,88,10074.89789,151.28,49.14584337,53.92788207,6142587,14704,505,520,50092.96394,949.11,48.87118434,53.91169622,4924794,18077,731935,3949,111,104,10524.27287,254.93,48.95010638,54.14792296
4/11/2015,927,10392105,75879,926,591,335,45397.55867,881.56,49.02544133,53.55449431,329193,35206,105,38,7099.261481,99.42,49.64518519,53.92959163,5138643,13085,384,258,31343.70918,632.94,48.82197691,53.45471925,4265618,23905,658651,3683,102,39,6977.054259,149.2,49.48265432,53.72781501
4/12/2015,1020,11005667,72994,1020,623,397,49951.27642,969.17,48.97183962,53.56144949,321556,33225,107,69,8727.950769,130.29,49.59062937,54.42827539,5443813,13707,398,281,33075.60309,655.95,48.71222841,53.32019209,4546131,22443,694167,3619,118,47,8161.538442,182.93,49.46386935,53.80916197
4/13/2015,1498,12610225,75386,1498,774,724,73189.9409,1394.03,48.85843852,53.8692998,353585,36754,129,73,9962.664938,147.66,49.32012346,54.10984695,6449131,14838,514,563,52570.32291,1008.03,48.81181329,53.94319614,5059948,19896,747561,3898,131,88,10680.82299,238.34,48.77088123,53.40773685
4/14/2015,1717,11508266,64922,1717,1138,579,84137.33596,1630.93,49.00252531,53.42135469,350918,35758,155,73,11096.76,170.22,48.67,53.18188227,5853160,14742,764,421,57939.79756,1124.54,48.89434393,53.34924502,4574226,10698,729962,3724,219,85,15058.83573,336.17,49.53564384,53.78382961
4/15/2015,1713,11335084,62811,1713,1189,524,83828.83794,1633.04,48.93685811,53.2209009,349781,35317,152,73,10950.75,157.83,48.67,53.03959957,5855629,15480,827,356,57922.97812,1157.7,48.96278793,53.24708474,4416120,8370,713554,3644,210,95,14937.45899,317.51,48.97527536,53.21555227
4/16/2015,1516,11304500,62371,1516,1029,487,74089.00704,1440.56,48.87137667,53.22873744,344173,35300,161,72,11370.18299,187.77,48.79906863,53.01704213,5854853,14862,689,359,51283.35839,1003.68,48.93450228,53.38681652,4388487,8646,716987,3563,179,56,11437.45,249.11,48.67,52.75139497
4/17/2015,1557,11414453,61086,1557,1079,478,76006.24372,1494.11,48.81582769,53.09228906,334252,34381,181,58,11662.53034,191.15,48.79719807,52.8434214,5634920,14892,708,336,50985.77315,1013.47,48.83694746,53.19939416,4752644,8170,692637,3643,190,84,13358.55586,289.49,48.7538535,52.88165394
4/18/2015,1107,9764679,56739,1107,732,375,54184.60911,1057.95,48.94725303,53.39111489,315913,31099,107,60,8186.129868,138.23,49.01874172,53.54720394,4647364,14147,477,248,35535.93676,699.65,49.01508519,53.45316944,4119873,7901,681529,3592,148,67,10467.62438,220.07,48.686625,53.0957877
4/19/2015,1197,10900641,61815,1197,813,384,58564.97386,1131.06,48.92646104,53.29284034,323131,31741,135,62,9587.99,160.55,48.67,52.74730614,5448553,18591,516,248,37439.16071,723.36,49.00413706,53.38318403,4389289,7787,739668,3696,162,74,11532.14874,247.15,48.86503704,53.38280397
4/20/2015,1624,12187238,60049,1624,1028,596,79603.04723,1529.02,49.0166547,53.56818747,341020,34494,137,93,11312.84314,186.37,49.18627451,53.8391372,6707768,16883,706,404,54468.10707,1023.9,49.07036673,53.58010548,4366985,4924,771465,3748,185,99,13843.70613,318.75,48.74544413,53.37148235
4/21/2015,1568,11449413,59725,1568,972,596,76718.32958,1495.91,48.92750611,53.50950258,333264,33790,133,63,9539.32,75.09,48.67,52.50059928,6426608,16300,689,443,55336.17204,1127.24,48.8835442,53.46989993,4005373,6480,684168,3155,150,90,11798.54907,293.58,49.16062112,53.91961305
4/22/2015,1722,9515855,58115,1722,1117,605,84291.54366,1638.16,48.94979306,53.42715608,336936,33098,173,79,12285.38229,296.76,48.75151703,53.06220515,5166973,14132,753,440,58463.45892,1005.9,49.00541401,53.54105776,3332809,8123,679137,2762,191,86,13561.2994,335.5,48.95775956,53.40846498
4/23/2015,1803,8589080,58243,1803,1185,618,88070.67441,1722.55,48.84674121,53.25487214,333171,33481,153,69,10917.69188,190.45,49.17879227,53.45240221,4995423,14512,814,440,61179.79,1150.97,48.78771132,53.15498232,2579743,7820,680743,2430,218,109,15977.0318,381.13,48.85942446,53.45782279
4/24/2015,1520,7352331,64812,1520,1052,468,74360.04272,1446.35,48.92108074,53.20486742,319903,33043,142,51,9454.535181,153.1,48.98722892,53.11482691,3959949,14460,740,340,52795.8392,1012.64,48.8850363,53.1988762,2401146,14818,671333,2491,170,77,12106.78193,280.61,49.01531148,53.27561384
4/25/2015,1178,6288313,63039,1178,837,341,57659.22412,1138.91,48.94670978,53.16230431,312627,31048,128,68,9539.32,156.86,48.67,52.74703557,3379226,12388,549,213,37259.71413,746.94,48.89726264,53.09085067,2001526,17182,594934,2421,160,60,10843.16406,235.11,49.28710938,53.66636893
4/26/2015,1296,6604935,56019,1296,896,400,63591.78344,1216.28,49.06773414,53.41342454,306066,30870,161,74,11535.14816,175.1,49.08573684,53.26264991,3523281,11084,595,270,42425.63023,833.5,49.04697137,53.43089382,2144999,11690,630589,2375,140,56,9630.659469,207.68,49.1360177,53.47043529
4/27/2015,1745,7654075,62085,1745,1150,595,85572.289,1637.33,49.03856103,53.49127543,326419,33345,154,67,10816.68385,176.42,48.94427083,53.26663644,4173146,12857,802,431,60443.31497,1167.25,49.02134223,53.50455344,2582327,13456,572183,2427,194,97,14306.63306,293.66,49.1636875,53.57345229
4/28/2015,1855,7534356,59226,1854,1346,508,91221.46625,1635.016509,49.20251685,53.56550195,321117,32194,206,56,12866.5805,334.2558233,49.10908589,52.86101486,4113992,11971,882,360,61174.36852,1032.280332,49.25472506,53.71423655,2570828,12705,528419,2356,258,92,17190.97906,268.4803534,49.11708304,53.87071282
4/29/2015,2031,7420285,63974,2014,1416,598,98708.99177,1767.681371,49.01141598,53.45647216,326694,36079,213,59,13310.41639,368.7265795,48.93535439,52.67479715,4116221,12107,903,449,66210.3449,1115.049951,48.97214859,53.58128898,2411330,13465,566040,2323,300,90,19212.35321,283.904841,49.26244414,53.98146273
4/30/2015,3754,7984302,70114,3678,3139,539,179727.5243,3114.981675,48.86555853,52.80335076,332640,39104,1832,237,100908.2285,967.8885018,48.77149759,52.28725783,4079463,12720,421,207,30725.42877,1805.476177,48.92584199,52.98820096,2983889,16065,588310,2225,886,95,47883.78453,341.6169965,48.81119728,53.28862459
5/1/2015,2417,7564112,57743,2483,1919,564,122058.79,2294.54,49.15778896,53.19532019,333073,38483,282,42,16032.38,301.62,49.48265432,53.1542338,3904551,10327,1290,420,83936.61,1578,49.08573684,53.19176806,2720831,6827,605657,2106,347,102,22089.8,414.92,49.19777283,53.23869662
5/2/2015,1326,6133477,49127,1378,1034,344,67597.85,1271.24,49.05504354,53.1747349,284023,32147,160,38,9794.64,183.46,49.46787879,53.38842254,3118077,9431,690,219,44530.66,839.13,48.98862486,53.0676534,2142025,5658,589352,1891,184,87,13272.55,248.65,48.97619926,53.3784436
5/3/2015,1352,6363853,50544,1403,1075,328,68889.6,1295.86,49.10163934,53.16129829,294945,33708,182,42,11033.73,207.62,49.25772321,53.14386861,3309294,9402,679,204,43370.56,815.74,49.11728199,53.16713659,2167414,5429,592200,2005,214,82,14485.31,272.5,48.93685811,53.15710092
5/4/2015,1933,8301804,54389,2016,1419,597,98855.96,1853.25,49.03569444,53.34194523,320321,36197,224,63,14152.6,265.37,49.31219512,53.33157478,4602156,10128,936,420,66470.46,1245.24,49.01951327,53.37963766,2792816,5715,586511,2349,259,114,18232.9,342.64,48.88176944,53.21299323
5/5/2015,1768,8173148,52986,1823,1291,532,89488.98,1676.38,49.08885354,53.38227609,313767,34719,201,46,12179.47,228.96,49.30959514,53.19475017,4607809,10588,820,330,56339.12,1057.9,48.99053913,53.25561962,2653395,5368,598177,2311,270,156,20970.39,389.52,49.22626761,53.83649107
5/6/2015,1772,7965600,53288,1844,1234,610,90646.69,1690.66,49.157641,53.61615582,321797,35237,184,54,11767.77,219.94,49.44441176,53.50445576,4285415,9910,834,438,62461.17,1165.02,49.1046934,53.61381779,2744293,5852,614095,2289,216,118,16417.75,305.7,49.15494012,53.70543016
5/7/2015,1731,8160016,54407,1789,1248,541,87886.86,1643.79,49.1262493,53.46599018,320501,36646,176,48,11060.06,207.2,49.37526786,53.37866795,4178084,10404,879,372,61386.44,1149.9,49.06989608,53.38415514,3088622,5079,572809,2278,193,121,15440.36,286.69,49.17312102,53.85733719
5/8/2015,1858,7635515,54117,1901,1149,752,93021.94,1734.3,48.93316149,53.63659113,316461,36133,124,70,9547.3,177.46,49.2128866,53.79972952,4312049,10839,820,525,65803.44,1227.55,48.92449071,53.6055069,2429505,5102,577500,2043,205,157,17671.2,329.29,48.81546961,53.664551
5/9/2015,1336,6528656,51084,1378,982,396,67857.16,1267.6,49.24322206,53.53199748,284421,32868,145,46,9532.94,176.32,49.91068063,54.06612976,3622707,10973,681,287,47612.83,889.83,49.18680785,53.50778239,2067535,5298,553993,1945,156,63,10711.39,201.45,48.91045662,53.17145694
5/10/2015,1308,6635492,51203,1365,989,376,67250.78,1256.78,49.2679707,53.51038368,281551,32410,157,53,10405.01,193.69,49.54766667,53.71991326,3689032,11613,673,260,45962.04,858.82,49.26263666,53.51766377,2066261,5208,598648,1972,159,63,10883.73,204.27,49.02581081,53.28109855
5/11/2015,2021,9118232,58790,2077,1324,753,102219.78,1899.67,49.21510833,53.80923002,324410,36787,221,73,14782.92,271.25,50.28204082,54.49924424,5457902,14109,890,514,68885.61,1283.78,49.06382479,53.65842278,2700819,5441,635101,2453,213,166,18551.25,344.64,48.94788918,53.82790738
5/12/2015,1734,8564194,55000,1790,1380,410,88146.17,1653.9,49.24367039,53.29594897,313447,34069,213,59,13422.55,251.55,49.34761029,53.35937189,4912130,12558,950,290,60956.39,1145.3,49.15837903,53.22307692,2695823,5694,642794,2679,217,61,13767.23,257.05,49.52241007,53.55856837
5/13/2015,1361,7931962,56108,1407,1202,205,69294.92,1308.23,49.25012082,52.96845356,319343,35362,178,26,10034,189.94,49.18627451,52.82720859,4611852,12262,823,140,47343.15,895.42,49.16214953,52.8725626,2360519,5813,640248,2671,201,39,11917.77,222.87,49.657375,53.47408803
5/14/2015,1369,8411912,55562,1405,1265,140,69197.58,1310.9,49.25094662,52.78631475,307678,35042,186,18,10112.99,190.5,49.57348039,53.08656168,4644457,11638,836,91,45591.03,865.01,49.18126214,52.70578375,2706536,6338,753241,2544,243,31,13493.56,255.39,49.24656934,52.83511492
5/15/2015,1331,7891212,55823,1389,1251,138,68129.23,1296,49.04912167,52.56885031,314936,37167,201,14,10727.35,201.12,49.89465116,53.33805688,4645224,11154,871,105,47712.56,910.09,48.88581967,52.42619961,2339276,5219,591776,2283,179,19,9689.32,184.79,48.9359596,52.43422263
5/16/2015,1107,6208929,48858,1141,1044,97,55953.75,1065.75,49.03921998,52.50175932,283624,31680,199,23,10936.39,207.07,49.26301802,52.81494181,3661960,9955,670,65,35956.76,686.35,48.9207619,52.38837328,1704206,4922,559139,2301,175,9,9060.6,172.33,49.2423913,52.57703244
5/17/2015,1132,6435651,50292,1155,1017,138,56977.42,1076.04,49.33109957,52.95102413,288270,31927,160,16,8644.91,164.32,49.11880682,52.61021178,3891831,10946,679,95,38197.18,720.91,49.35036176,52.98467215,1689577,5114,565973,2305,178,27,10135.33,190.81,49.44063415,53.11739427
5/18/2015,1491,8158777,55957,1542,1359,183,75918.03,1436.67,49.23348249,52.84305373,318552,35523,194,19,10472.03,198.89,49.16446009,52.65237066,4976898,12107,928,129,51891.8,984.55,49.09347209,52.70610939,2226280,5924,637047,2403,237,35,13554.2,253.23,49.83161765,53.52525372
5/19/2015,1443,8053652,54513,1501,1357,144,73711.92,1400.86,49.10854097,52.6190483,317781,34889,231,25,12696.49,238.89,49.59566406,53.14785048,4798027,11500,918,99,49813.35,949.05,48.98067847,52.48759286,2302780,5535,635064,2589,208,20,11202.08,212.92,49.13192982,52.61168514
5/20/2015,1424,7883191,56564,1485,1300,185,73012.19,1382.95,49.16645791,52.79452619,323242,36972,193,17,10378.68,196.21,49.42228571,52.89577494,4600403,11252,889,125,49667.34,944.41,48.98159763,52.59086626,2335578,5944,623968,2396,218,43,12966.17,242.33,49.67881226,53.50625181
5/21/2015,1467,7449313,54843,1521,1332,189,74501.01,1416.51,48.98159763,52.5947646,314748,34480,202,26,11096.76,212.5,48.67,52.22004706,4290691,10609,899,127,50277.71,955.55,49.00361598,52.61651405,2217765,6978,626109,2776,231,36,13126.54,248.46,49.16307116,52.83160267
5/22/2015,1373,6709343,54169,1402,1255,147,68419.65,1307.59,48.8014622,52.32500249,308751,34688,193,28,10756.07,205.78,48.67,52.26975411,3868441,10069,850,95,46151.13,881.65,48.8371746,52.34631657,1897361,6680,634790,2732,212,24,11512.45,220.16,48.7815678,52.29128815
5/23/2015,1059,5522858,50399,1095,964,131,53741.26,1020.13,49.07877626,52.68079558,292005,32290,128,20,7229.49,137.72,48.84790541,52.4941185,3152534,9569,673,89,37428.83,710.05,49.11919948,52.71294979,1517070,5951,561249,2589,163,22,9082.94,172.36,49.09697297,52.69749362
5/24/2015,951,5629714,47728,988,851,137,48243.94,919.13,48.82989879,52.48870127,275102,29155,118,18,6645.45,126.58,48.86360294,52.5,3290981,10042,605,100,34391.34,655.7,48.78204255,52.44980936,1497142,5956,566489,2575,128,19,7207.15,136.85,49.02823129,52.66459627
5/25/2015,1161,6481294,53143,1198,1056,142,59201.88,1116.18,49.4172621,53.03972478,293871,31244,133,18,7428.16,140.68,49.19311258,52.80181973,3911398,12516,760,108,43009.13,808.36,49.54968894,53.2054159,1706303,6655,569722,2728,163,16,8764.59,167.14,48.96418994,52.43861434
5/26/2015,1418,8171414,59306,1453,1264,189,71165.12,1352.59,48.97805919,52.61396284,346499,36674,194,18,10397.03,198.02,49.04259434,52.504949,4721852,12490,865,136,49008.3,931.42,48.95934066,52.61675721,2393105,7112,709958,3030,205,35,11759.79,223.15,48.999125,52.69903652
5/27/2015,1435,7957858,64226.85714,1481,1285,196,72791.18,1378.42,49.15002026,52.80769287,344124,35490,161,34,9595.97,180.92,49.21010256,53.03985187,4718500,19177,934,141,52873.18,1000.63,49.18435349,52.83989087,2236093,6578.857143,659141,2981,190,21,10322.03,196.87,48.91957346,52.4306903
5/28/2015,1628,7582293,65121.63265,1962,1777,185,96438.42,1831.33,49.15311927,52.66031791,354947,35565,230,18,12149.15,231.86,48.98850806,52.39864573,4460151,20860,1266,134,68954.23,1306.62,49.25302143,52.77297914,2075700,5948.632653,691495,2748,281,33,15335.04,292.85,48.83770701,52.36482841
5/29/2015,1455,7348239,63138.8207,1606,1404,202,78664.29,1495.5,48.98150062,52.60066199,362618,36307,188,26,10441.71,199.34,48.79303738,52.38140865,4366008,18312,991,146,55785.4,1058.56,49.06367634,52.69932739,2003912,5756.8207,615701,2763,225,30,12437.18,237.6,48.7732549,52.34503367
5/30/2015,1179,6250574,62512.80789,1191,1052,139,58624.22,1109.81,49.22268682,52.8236545,338621,33283,151,16,8285.87,155.86,49.61598802,53.162261,3679529,20314,732,99,40813.39,774.21,49.11358604,52.7161752,1701008,6341.807893,531416,2574,169,24,9524.96,179.74,49.35212435,52.99298987
5/31/2015,1179,6847364,65533,1214,1058,156,59427.67,1130,48.95,52.58,358463,34572,169,13,8963.26,170,49.24868132,52.67,4181474,21956,736,115,41576.15,792,48.85564042,52.5,1807187,6352,500240,2653,153,28,8888.26,168,49.10640884,52.85
6/1/2015,1832,8906533,59053,1895,1590,305,92703.59,1759.95,48.92010026,52.67399074,325266,29452,194,36,11194.1,213.68,48.67,52.38721453,5446281,15840,1135,232,67005.83,1268.74,49.0167008,52.81289311,2546229,11230,588757,2531,261,37,14503.66,277.53,48.67,52.25979173
6/2/2015,1749,8195885,57774,1789,1450,339,87623.56,1657.93,48.97907211,52.8511819,351613,35628,197,36,11392.77,216.5,48.89600858,52.62249423,5120864,13373,1019,230,61236.44,1157.96,49.0283747,52.88303568,2141358,6062,582050,2711,234,73,14994.35,283.47,48.84153094,52.89572089
6/3/2015,2271,8170459,51381,2332,1944,388,114156.69,2164.92,48.95226844,52.73021174,325066,31952,245,48,14286.64,272.06,48.75986348,52.51282805,5012194,12013,1399,274,81898.85,1553.44,48.95328751,52.72096122,2289614,4917,543585,2499,300,66,17971.2,339.42,49.10163934,52.94679159
6/4/2015,1936,7825765,51171,1982,1647,335,97201.18,1839.63,49.04196771,52.83735316,316461,32342,219,31,12272.82,232.83,49.09128,52.71150625,5120541,11895,1158,246,68859.28,1302.54,49.04507123,52.86538609,1894825,4658,493938,2276,270,58,16069.08,304.26,48.99109756,52.81364622
6/5/2015,1825,7565311,48920,1869,1548,321,91596.15,1734.39,49.00810594,52.81173784,304654,30956,227,34,12860.85,242.96,49.27528736,52.93402206,4859532,11617,1111,246,66492.8,1258.36,48.99985262,52.84084046,1935910,4176,465215,2171,210,41,12242.5,233.07,48.7749004,52.52713777
6/6/2015,1437,6114668,47096,1470,1249,221,71992.51,1366.33,48.9744966,52.69042618,291443,30363,197,36,11629.74,216.5,49.91304721,53.71704388,3979220,10837,861,161,49872.39,949.41,48.79881605,52.52987645,1371567,3840,472438,2056,191,24,10490.38,200.42,48.79246512,52.34198184
6/7/2015,1497,6476834,45332,1506,1276,230,73744.63,1399.54,48.9672178,52.69204882,271036,27348,187,31,10636.39,202.75,48.79077982,52.46061652,4318184,11510,910,177,53272.91,1009.39,49.00911684,52.77733086,1439081,4414,448533,2060,179,22,9835.33,187.4,48.93199005,52.48308431
6/8/2015,1933,8138040,51456,1965,1583,382,96057.83,1820.36,48.88439186,52.76858973,289017,29921,234,49,13852.6,262.59,48.94911661,52.75372253,5585409,12509,1136,295,69910.07,1324.49,48.8539972,52.78263332,1809825,6732,453789,2294,213,38,12295.16,233.28,48.9847012,52.70558985
6/9/2015,1859,7896000,47723,1887,1518,369,92498.54,1747.95,49.01883413,52.91829858,276639,29096,215,29,11980.8,227.33,49.10163934,52.70223904,5409959,12185,1054,286,65639.08,1239.58,48.98438806,52.95267752,1727063,4103,482339,2339,249,54,14878.66,281.04,49.10448845,52.94143182
6/10/2015,1749,7505748,47474,1788,1437,351,87706.54,1656.15,49.05287472,52.95808955,274012,29403,171,40,10374.69,195.54,49.16914692,53.05661246,5093544,11983,1060,268,65134.03,1229.56,49.04670934,52.97344579,1663197,3830,474995,2258,206,43,12197.82,231.05,48.98722892,52.79298853
6/11/2015,1632,7506760,49363,1931,1577,354,94534.7,1790.36,48.95634386,52.80206216,293501,31209,202,23,11029.74,209.89,49.02106667,52.55009767,5076305,12061,1129,281,69019.65,1305.73,48.95010638,52.85905202,1693145,3813,443809,2280,246,50,14485.31,274.74,48.93685811,52.72370241
6/12/2015,1622,7300836,48760,1449,1134,315,71023.1,1340.01,49.0152519,53.0019179,277683,30631,145,33,8689.59,165.01,48.81792135,52.66099024,5047357,11946,846,247,53617.59,1010.13,49.05543458,53.07989071,1527199,4071,448597,2112,143,35,8715.92,164.87,48.9658427,52.86540911
6/13/2015,1313,5885623,44026,1121,861,260,54901.36,1035.54,48.97534344,53.01713116,252022,27294,110,25,6596.78,125.15,48.86503704,52.71098682,3927182,10947,649,202,41628.81,785.8,48.91752056,52.97634258,1280558,3691,425861,2094,102,33,6675.77,124.59,49.45014815,53.58190866
6/14/2015,1328,6029494,43887,1133,921,212,55696.04,1050.18,49.15802295,53.03475595,255509,27155,104,26,6353.43,120.38,48.87253846,52.77811929,4076799,11084,689,161,41790.78,787.73,49.16562353,53.05216254,1311376,3525,385810,2123,128,25,7551.83,142.07,49.35836601,53.1556979
6/15/2015,1822,7706545,49899,1784,1391,393,87696.17,1649.45,49.15704596,53.16691624,287579,31488,191,32,11116.71,207.38,49.85071749,53.6055068,5225820,12424,1035,313,66186.42,1245.21,49.0997181,53.1528176,1682272,3673,510874,2314,165,48,10393.04,196.86,48.79361502,52.79406685
6/16/2015,1744,7714177,48552,1759,1366,393,86031.81,1625.95,48.90949972,52.9117193,288151,30408,236,34,13272.55,251.42,49.15759259,52.79035081,5111367,12139,982,315,63361.96,1197.13,48.85270625,52.92821999,1794355,3771,520304,2234,148,44,9397.3,177.4,48.94427083,52.9723788
6/17/2015,1840,7671415,49426,1860,1494,366,91158.12,1722.78,49.00974194,52.91338418,289910,30978,226,33,12710.85,241.15,49.07664093,52.70930956,5028133,12193,1080,298,67435.88,1274.46,48.93750363,52.91329661,1820435,4018,532937,2237,188,35,11011.39,207.17,49.37843049,53.15146981
6/18/2015,2391,7583409,53917,1968,1558,410,96467.14,1821.22,49.01785569,52.96841678,294518,32304,208,39,12100.48,229.45,48.98979757,52.73689257,4946904,13716,1136,331,71872.83,1355.81,48.99306748,53.01098974,1843478,5609,498509,2288,214,40,12493.83,235.96,49.18830709,52.94893202
6/19/2015,2307,7414993,52972,2229,1328,901,109170.01,2032.19,48.97712427,53.72037556,279064,30666,211,190,19543,363.64,48.73566085,53.74271257,4874422,13368,940,665,78589.29,1462.15,48.96528972,53.74912971,1759580,6503,501927,2435,177,46,11037.72,206.4,49.49650224,53.47732558
6/20/2015,1670,6223509,50799,1630,992,638,79990.35,1487.54,49.07383436,53.7735792,254389,27257,163,136,14657.65,271.54,49.0222408,53.97970833,4070890,13222,687,473,57010.13,1057.29,49.14666379,53.92099613,1458120,7674,440110,2646,142,29,8322.57,158.71,48.67,52.43885073
6/21/2015,1698,5975383,49532,1664,1048,616,81724.12,1521.04,49.11305288,53.7291064,260854,29208,142,132,13519.89,248.32,49.34266423,54.44543331,3717189,10942,748,448,58683.26,1092.88,49.0662709,53.6959776,1528695,6772,468645,2610,158,36,9520.97,179.84,49.07716495,52.94133674
6/22/2015,1793,8157760,56490,1854,1078,776,91129.4,1688.44,49.15285868,53.9725427,312559,34850,187,148,16541.42,304.54,49.37737313,54.31608327,5136040,12888,738,568,64010.63,1187.88,49.01273354,53.88644476,2184421,5913,524740,2839,153,60,10577.35,196.02,49.65892019,53.96056525
6/23/2015,2158,8087753,53354,2146,1322,824,105420.03,1959.56,49.12396552,53.79780665,287097,30979,187,152,16630.78,308.02,49.05834808,53.99253295,5098772,13022,934,629,76755.79,1425.19,49.10799104,53.85653141,2215991,6656,485893,2697,201,43,12033.46,226.35,49.31745902,53.16306605
6/24/2015,1940,7780471,53069,1902,1209,693,92886.3,1739.37,48.83611987,53.40226634,279036,29328,157,142,14578.66,271.12,48.7580602,53.77198289,4825719,13025,892,504,68153.96,1276.96,48.82088825,53.37203984,2212916,7972,462800,2744,160,47,10153.68,191.29,49.0515942,53.08003555
6/25/2015,1908,7290085,53605,1934,1160,774,94549.06,1763.78,48.88782834,53.60592591,286427,31823,163,178,16649.13,308.08,48.82442815,54.04158011,4641342,12795,813,552,66750.51,1244.46,48.90147253,53.6381322,1878842,6333,483474,2654,184,44,11149.42,211.24,48.90096491,52.78081803
6/26/2015,2021,6559806,49943,2058,1135,923,100715.79,1869.91,48.93867347,53.86130349,261163,29810,193,211,19768,364.99,48.93069307,54.16038796,4439139,12798,778,663,70502.09,1308.13,48.92580847,53.89532386,1351259,4664,508245,2671,164,49,10445.7,196.79,49.04084507,53.08044108
6/27/2015,1542,5528127,45548,1549,914,635,75890.1,1411.61,48.9929632,53.76137885,248355,27415,159,129,14069.62,261.69,48.85284722,53.76445413,3782838,11507,628,476,54179.29,1004.44,49.07544384,53.9397973,1055549,4095,441385,2531,127,30,7641.19,145.48,48.67,52.52398955
6/28/2015,1495,5671592,46116,1436,861,575,70680.02,1309.59,49.22006964,53.97110546,246903,26973,145,123,13175.21,243.31,49.16123134,54.14989109,3903148,11895,614,396,49709.63,921.68,49.21745545,53.93371886,1112249,4700,409292,2548,102,56,7795.18,144.6,49.33658228,53.90857538
6/29/2015,2331,7020591,53187,2145,1002,1143,105134.39,1936.29,49.01370163,54.29682021,274813,30117,125,204,16065.09,294.98,48.83006079,54.46162452,4777317,14526,729,824,76137.44,1402.14,49.02603992,54.30088294,1517909,5820,450552,2724,148,115,12931.86,239.17,49.17057034,54.06974119
6/30/2015,2358,7034702,51671,2392,1337,1055,116918.91,2174.63,48.87914298,53.76496691,286729,29509,264,185,22010.81,409.11,49.02184855,53.80169148,4847658,13562,881,786,81290.87,1511.96,48.76476905,53.76522527,1462794,5862,437521,2738,192,84,13617.23,253.56,49.33778986,53.70417258
7/1/2015,2805,8607745,57276,3169,1571,1598,155472.74,2867,49.06050489,54.22837112,311263,32996,450,334,38604.89,713.58,85.78864444,54.10029709,5455558,13873,937,1121,100926.43,1856.05,107.7123052,54.37699954,2299135,7287,541789,3120,184,143,15941.42,297.37,48.75051988,53.6080304
7/2/2015,2899,7913595,56330,3276,1562,1714,160390.8,2959.46,48.95934066,54.19596818,336940,33801,522,344,42595.83,789.96,81.6012069,53.92150235,4832697,12176,905,1227,104185.72,1918.19,115.1223425,54.31459866,2250922,7436,493036,2917,135,143,13609.25,251.31,48.95413669,54.15323704
7/3/2015,2431,6596977,51547,2755,1327,1428,135112.72,2489.74,49.04272958,54.26780306,280915,31174,422,288,34845.33,647.24,82.57187204,53.83679933,4310563,11995,808,1026,89919.03,1652.14,111.2859282,54.42579321,1540846,5438,464653,2940,97,114,10348.36,190.36,49.04436019,54.36205085
7/4/2015,1635,5794002,43989,1803,866,937,88410.26,1629.23,49.03508597,54.26505773,222965,23695,305,208,25257.34,467.66,82.81095082,54.00791173,3616537,11332,473,653,55171.04,1012.73,116.6406765,54.4775409,1523913,6280,430587,2682,88,76,7981.88,148.84,48.67,53.62725074
7/5/2015,1537,6625875,48672,1717,850,867,84224.64,1553.29,49.05337216,54.22338391,255397,27277,290,196,23943.25,443.12,82.56293103,54.03333183,4240237,11926,475,587,52029.83,957.19,109.5364842,54.3568466,1644138,6466,486103,3003,85,84,8251.56,152.98,48.82579882,53.93881553
7/6/2015,2248,8707731,68037,2506,1244,1262,122677.93,2267.3,48.95368316,54.1074979,389082,44912,406,283,33770.6,627.85,83.17881773,53.78768814,5494441,12801,736,849,77510.57,1430.47,105.3132745,54.18538662,2231490,6394,592718,3930,102,130,11396.76,208.98,49.12396552,54.53517083
7/7/2015,2089,8750035,68992,2314,1184,1130,113280.63,2096.06,48.95446413,54.04455502,392503,44971,401,244,31602.79,589.22,78.80995012,53.63495808,5459120,13453,673,804,72280.54,1332.1,107.4005052,54.26059605,2247195,6677,651217,3891,110,82,9397.3,174.74,48.94427083,53.77875701
7/8/2015,2177,9191724,69816,2424,1273,1151,118713.32,2197.99,48.97414191,54.00994545,371772,43173,410,259,32849.86,610.73,80.12160976,53.78786043,5679179,14195,739,768,73740.64,1362.82,99.78435724,54.10886251,2548262,7921,592511,4527,124,124,12122.82,224.44,48.88233871,54.01363393
7/9/2015,2209,8941277,73564,2436,1274,1162,119586.99,2208.5,49.09153941,54.14851257,391760,48047,427,255,33666.88,623.23,78.84515222,54.01999262,5632014,13889,706,802,73894.63,1361.38,104.6666147,54.27920933,2366161,7635,551342,3993,141,105,12025.48,223.89,48.88406504,53.71155478
7/10/2015,2516,8026778,68718,2779,1346,1433,135991.17,2511.95,48.93528967,54.13768984,364451,45292,454,321,38008.88,706.03,83.72,53.83465292,5212498,12966,764,975,85032.08,1566.41,111.298534,54.28468919,1927345,7041,522484,3419,128,137,12950.21,239.51,48.86871698,54.06960043
7/11/2015,1885,6405533,60804,2069,1043,1026,101145.84,1873.04,48.88634123,54.00089694,329308,40837,346,222,27855.2,518.38,80.50635838,53.7350978,4375314,11927,610,700,63968.34,1182.4,104.8661311,54.10042287,1197564,4851,503347,3189,87,104,9322.3,172.26,48.8078534,54.11761291
7/12/2015,1805,7142409,61772,2030,1015,1015,99905.96,1837.15,49.21475862,54.38094875,330670,39250,348,223,28185.52,521.13,80.99287356,54.08539136,4686640,12848,577,704,62899.2,1154.86,109.0107452,54.46478361,1587633,6408,537466,3266,90,88,8821.24,161.16,49.55752809,54.73591462
7/13/2015,2300,8053348,69494,2549,1216,1333,124691.75,2302.75,48.91790898,54.14906091,376718,45284,404,266,32977.52,611.18,81.62752475,53.95713211,5846270,13983,692,896,77472.27,1430,111.9541474,54.17641259,1278270,6544,552090,3683,120,171,14241.96,261.57,48.9414433,54.44798715
7/14/2015,2198,7973209,70596,2443,1261,1182,120059.33,2213.68,49.14422022,54.23517853,392987,47213,411,289,34700.92,637.77,84.43046229,54.40977155,5183524,12771,722,767,72917.24,1345.97,100.9934072,54.17449126,1728434,6989,668264,3623,128,126,12441.17,229.94,48.98098425,54.10615813
7/15/2015,2386,7565108,55900,2719,1392,1327,133149.96,2462.97,48.97019492,54.06073156,371706,34757,460,291,37077.77,685.57,80.60384783,54.08312791,4866431,11851,778,914,82586.61,1526.5,106.152455,54.10193908,1559047,6140,767924,3152,154,122,13485.58,250.9,48.8607971,53.74882423
7/16/2015,2573,7090888,65524,2852,1407,1445,140070.68,2579.73,49.11314165,54.29664345,391072,44355,469,301,37976.17,702.73,80.97264392,54.04091187,4655887,11922,795,1008,88410.26,1624.26,111.2078742,54.43110093,1362163,5539,681766,3708,143,136,13684.25,252.74,49.04749104,54.14358629
7/17/2015,2546,6803729,64653,2787,1364,1423,136643.83,2520.17,49.02900251,54.22008436,378118,43878,512,302,40038.66,744.02,78.20050781,53.81395661,4657247,12163,715,980,82943.26,1524.7,116.0045594,54.39972454,1167861,5152,600503,3460,137,141,13661.91,251.45,49.14356115,54.33251143
7/18/2015,2064,5761080,59118,2156,1103,1053,105432.79,1952.93,48.90203618,53.98697854,338733,39940,356,215,27922.22,521.69,78.43320225,53.52262838,4015083,11169,632,759,68068.59,1254.41,107.7034652,54.26343062,867957,4604,539307,3405,115,79,9441.98,176.83,48.67,53.39580388
7/19/2015,1785,5866580,59942,1869,1149,720,91675.14,1706.46,49.05036918,53.72240779,342034,39592,336,185,25699.36,476.79,76.48619048,53.9007949,4194473,12324,687,482,57211.19,1065.12,83.27684134,53.71337502,795241,4256,534832,3770,126,53,8764.59,164.55,48.96418994,53.26399271
7/20/2015,2501,7372574,65251,2516,1494,1022,123375.27,2293.5,49.03627583,53.7934467,384110,44702,454,245,34441.61,639.91,75.86257709,53.82258443,5235566,12573,861,669,74860.05,1391.37,86.94547038,53.8031221,1139405,4208,613493,3768,179,108,14073.61,262.22,49.03696864,53.67100145
7/21/2015,2336,7668748,66400,2365,1454,911,115762.8,2159.33,48.94832981,53.61051808,379998,43249,418,208,30546.41,573.88,73.07753589,53.22786994,5150280,12986,863,611,72108.2,1342.79,83.55527231,53.70028076,1486555,6368,651915,3797,173,92,13108.19,242.66,49.46486792,54.01875052
7/22/2015,2180,7818283,67273,2213,1355,858,108522.94,2020.16,49.03883416,53.71997268,378927,42058,423,162,28735.25,538.56,67.9320331,53.35570781,5089389,12400,814,615,70049.7,1300.21,86.05614251,53.87568162,1710371,8839,639596,3976,118,81,9737.99,181.39,48.93462312,53.68537406
7/23/2015,2171,7142665,65506,2163,1410,753,105957.79,1980.51,48.98649561,53.50025498,387264,41925,384,185,28088.18,521.91,73.14630208,53.81805292,4973597,12384,895,502,68228.96,1278.04,76.23347486,53.38562173,1183994,7246,597810,3951,131,66,9640.65,180.56,48.93730964,53.39305494
7/24/2015,2242,6753439,62705,2168,1337,831,106122.15,1979.75,48.94933118,53.60381361,373238,40795,406,169,28064.24,528.67,69.12374384,53.08460855,4792535,12426,808,582,68098.91,1265.86,84.28082921,53.79655728,1017849,6283,569817,3201,123,80,9959,185.22,49.0591133,53.76849152
7/25/2015,1551,5630529,57268,1519,931,588,74719.63,1386.7,49.19001317,53.88305329,338575,35728,322,144,22969.85,427.96,71.33493789,53.67288999,3994188,11232,540,384,45260.71,841.68,83.81612963,53.77424912,791226,7338,506540,2970,69,60,6489.07,117.06,50.30286822,55.43370921
7/26/2015,1572,6058655,61814,1490,954,536,73176.55,1363.08,49.11177852,53.68470669,343647,35841,295,150,21816.13,407.8,73.95298305,53.49713095,4301632,14094,574,338,44703,833.62,77.87979094,53.62515295,847780,8778,565596,3101,85,48,6657.42,121.66,50.05578947,54.72151899
7/27/2015,1985,7789309,67696,1902,1188,714,93307.58,1737.9,49.05761304,53.68984406,386054,41008,350,155,24894.31,463.85,71.1266,53.66888003,5588300,16148,694,508,58922.62,1094.32,84.90291066,53.84404927,1181415,7291,633540,3249,144,51,9490.65,179.73,48.67,52.80504089
7/28/2015,1890,7989799,60935,1812,1144,668,89190.58,1656.52,49.22217439,53.84213894,379855,38334,372,155,26096.7,484.53,70.15241935,53.85982292,5932228,15181,672,468,55957.74,1038.84,83.27044643,53.86560009,1127190,5028,550526,2392,100,45,7136.14,133.15,49.21475862,53.59474277
7/29/2015,1759,7566636,60075,1682,1110,572,82389.54,1541.04,48.98307967,53.46359601,366141,38813,334,127,22805.49,424.45,68.27991018,53.72950878,5625909,13921,689,392,52717.59,988.7,76.51319303,53.32010721,1128874,5326,445712,2015,87,53,6866.46,127.89,49.04614286,53.6903589
7/30/2015,2106,7268631,61947,2047,1296,751,100601.7,1871.61,49.14592086,53.75142257,390001,41266,416,172,28960.25,540.68,69.61598558,53.56264334,5377951,13651,788,508,63681.91,1182.68,80.8146066,53.84542733,1064991,5019,435688,2011,92,71,7959.54,148.25,48.83153374,53.68998314
7/31/2015,2522,7146490,75555,2357,1509,848,115531.42,2156.22,49.01630038,53.58053445,391244,43056,569,178,36804.1,689.72,64.68207381,53.36092907,5302528,19531,825,583,68790.66,1282.71,83.38261818,53.62916014,1032210,10201,420508,2767,115,87,9936.66,183.79,49.19138614,54.06529191
8/1/2015,2062,6398302,61965,1892,1197,695,92952.53,1729.83,49.12924419,53.73506645,362494,40206,438,178,30533.65,566.58,69.71152968,53.89115394,4640130,12679,637,458,53609.61,997.24,84.15951334,53.75798203,912319,6339,483359,2741,122,59,8809.27,166.01,48.67,53.0646949
8/2/2015,2117,7051059,64439,1992,1443,549,97924.85,1834.05,49.15906124,53.39268286,378970,41071,433,137,28005.2,526.21,64.67713626,53.22057734,5106778,13402,880,370,61364.1,1149.1,69.73193182,53.40187973,1083175,7095,482136,2871,130,42,8555.55,158.74,49.74156977,53.89662341
8/3/2015,2729,8436158,71968,2550,1794,756,125214.36,2344.08,49.10367059,53.41727245,436701,46780,532,174,34729.64,651.46,65.2812782,53.31047186,6111797,14638,1098,518,79387.96,1482.78,72.30233151,53.53994524,1271698,7598,615962,2952,164,64,11096.76,209.84,48.67,52.88200534
8/4/2015,2441,8105475,69346,2258,1502,756,110502.45,2069.6,48.93819752,53.3931436,417861,44012,489,152,31381.78,591.9,64.17541922,53.01871938,5993057,14392,873,518,67963.27,1271.28,77.850252,53.46050437,1131297,8066,563260,2876,140,86,11157.4,206.42,49.36902655,54.05193295
8/5/2015,2210,7941973,65260,2104,1378,726,103033.6,1926.94,48.97034221,53.47006134,398275,40430,474,140,30120.35,567.36,63.54504219,53.08860336,5863871,14534,782,479,61688.83,1151.81,78.88597187,53.55816498,1130661,7491,549166,2805,122,107,11224.42,207.77,49.0149345,54.02329499
8/6/2015,2324,8280247,66318,2183,1386,797,106852.2,1996.23,48.94741182,53.52699839,394170,40114,446,167,30019.02,564.53,67.30721973,53.17524312,5732310,14551,832,486,64515.68,1204.9,77.54288462,53.54442692,1639970,8814,513797,2839,108,144,12317.5,226.8,48.87896825,54.30996473
8/7/2015,2379,7918891,66560,2182,1313,869,106935.18,1990.25,49.00787351,53.72952142,398227,42043,427,206,31150.4,580.6,72.95175644,53.65208405,5343338,13258,779,495,62374.2,1162.91,80.06957638,53.63630891,1607218,8481,570108,2778,107,168,13410.58,246.74,48.76574545,54.35105779
8/8/2015,1797,6736891,63717,1668,1037,631,81760.82,1523.75,49.01727818,53.65763413,374289,39783,334,121,22408.15,419.23,67.09026946,53.4507311,4544370,12458,606,453,51778.5,963.75,85.44306931,53.72607004,1330811,8666,487421,2810,97,57,7574.17,140.77,49.18292208,53.80528522
8/9/2015,1696,7038066,61571,1588,1042,546,78077.86,1454.5,49.16741814,53.68020626,365931,37402,331,127,22580.49,421.63,68.21900302,53.55522615,4842410,13013,633,347,48117.88,896.91,76.01560821,53.64850431,1307057,8447,522668,2709,78,72,7379.49,135.96,49.1966,54.27691968
8/10/2015,2379,8747692,67962,2249,1422,827,110538.36,2056.17,49.15000445,53.75934869,398408,41604,466,179,31734.44,593.77,68.09965665,53.44567762,6002806,14445,838,570,69132.95,1283.62,82.4975537,53.8578006,1788499,8834,557979,3079,118,78,9670.97,178.78,49.34168367,54.09424992
8/11/2015,3353,8646543,67710,3063,2282,781,186926.32,3540.83,61.02720209,52.79166749,400375,40107,492,180,33022.2,619.08,67.11829268,53.34076371,5857859,14976,2092,491,126135.89,2393.65,60.29440249,52.69604579,1828167,9557,560142,3070,460,110,27768.23,528.1,48.71619298,52.5813861
8/12/2015,2210,8090264,67419,2185,1358,827,107054.86,1996.01,48.99535927,53.63443069,382980,39625,420,180,29596.95,551.4,70.46892857,53.67600653,5380813,14841,830,562,68064.6,1269.14,82.00554217,53.63048994,1749731,9847,576740,3106,108,85,9393.31,175.47,48.67,53.53228472
8/13/2015,2094,7784568,68346,2154,1379,775,105546.09,1970.51,49.00004178,53.56282891,387739,39547,406,179,28761.58,537.37,70.84133005,53.52286134,5346738,16994,848,474,64684.03,1209.5,76.27833726,53.4799752,1539493,8823,510598,2982,125,122,12100.48,223.64,48.98979757,54.10695761
8/14/2015,2572,7909400,70070,2443,1289,1154,120033,2215.64,49.13344249,54.17531729,403025,42544,330,230,27571.16,510.3,83.5489697,54.02931609,5147710,16834,858,782,80582.37,1486.86,93.91884615,54.19633994,1836006,7826,522659,2866,101,142,11879.47,218.48,48.88670782,54.37326071
8/15/2015,1906,6829747,64860,1816,1024,792,89306.27,1651.6,49.17746145,54.07257811,365980,37293,309,154,22876.5,424.44,74.03398058,53.89807747,4430945,15387,642,548,58364.91,1080.24,90.91107477,54.02957676,1541621,9449,491201,2731,73,90,8064.86,146.92,49.47766871,54.89286687
8/16/2015,1702,7126378,67805,1647,984,663,81265.35,1501.77,49.34143898,54.11304661,372260,38512,269,150,20787.68,383.36,77.27762082,54.22495826,4735601,16015,629,445,52850.84,978.41,84.023593,54.01706851,1531352,10754,487165,2524,86,68,7626.83,140,49.52487013,54.47735714
8/17/2015,2252,8584562,74115,2164,1235,929,106533.06,1969.13,49.22969501,54.10158801,406883,43609,340,172,25313.99,469.24,74.45291176,53.94678629,5686097,17373,798,625,69994.65,1293.87,87.71259398,54.09712722,1943830,10068,547752,3065,97,132,11224.42,206.02,49.0149345,54.4821862
8/18/2015,2027,8294645,72151,1910,1130,780,93617.95,1740.8,49.01463351,53.7786937,399644,42232,312,137,21984.48,412.47,70.46307692,53.29958542,5553642,18300,732,562,63373.93,1177.02,86.5764071,53.84269596,1814181,8534,527178,3085,86,81,8259.54,151.31,49.45832335,54.58687463
8/19/2015,2183,8400033,70148,2104,1349,755,103296.9,1924.91,49.09548479,53.6632362,390154,40593,381,132,25283.67,472.98,66.36133858,53.45610808,5486389,17933,832,514,65878.44,1229.26,79.18081731,53.59194963,1940307,8642,583183,2980,136,109,12134.79,222.67,49.5297551,54.49674406
8/20/2015,1951,8096933,70182,1859,1069,790,91135.78,1692.16,49.02408822,53.85766121,393689,41989,322,163,23920.91,444.49,74.28854037,53.81653131,5439845,17727,655,551,58985.65,1095.07,90.05442748,53.86473011,1708851,7636,554548,2830,92,76,8229.22,152.6,48.98345238,53.92673657
8/21/2015,2118,7141249,69051,1939,1156,783,95240.02,1767.85,49.11811243,53.8733603,392165,44225,378,184,27563.18,515.4,72.91846561,53.47920062,4873704,15243,697,507,59230.6,1096.27,84.97934003,54.02920813,1422831,6966,452549,2617,81,92,8446.24,156.18,48.82219653,54.08016391
8/22/2015,1594,5959365,64697,1493,844,649,73296.23,1357.99,49.09325519,53.97405725,371034,41238,272,165,21584.75,399.23,79.35569853,54.06595196,4166197,14570,501,424,45230.39,839.82,90.28021956,53.85724322,1013482,6397,408652,2492,71,60,6481.09,118.94,49.47396947,54.49041534
8/23/2015,1605,6456011,66549,1461,896,565,72028.42,1333.79,49.3007666,54.00281903,376568,41180,283,136,20656.03,384.34,72.9895053,53.74415882,4585583,15874,555,376,45970.02,848.82,82.82886486,54.15755991,1069082,6986,424778,2509,58,53,5402.37,100.63,48.67,53.68548147
8/24/2015,2000,7411547,68548,1783,985,798,87252.55,1620.16,48.93581043,53.85427982,393564,43331,320,162,23616.92,441.74,73.802875,53.46339476,5143567,15277,593,580,57300.55,1062.02,96.62824621,53.95430406,1425153,7288,449263,2652,72,56,6335.08,116.4,49.4928125,54.42508591
8/25/2015,2145,6900620,64736,2022,1280,742,99147.98,1848.74,49.0346093,53.6300291,404591,39229,357,143,24624.63,459.99,68.97655462,53.53296811,4910056,16412,843,502,65908.76,1229.16,78.18358244,53.62097693,1123956,6619,462017,2476,80,97,8614.59,159.59,48.67,53.97950999
8/26/2015,2354,6814462,61821,2099,1283,816,102763.92,1915.94,48.95851358,53.63629341,428938,40270,346,156,24669.31,460.96,71.29858382,53.51724662,4890083,15135,844,593,70281.08,1309.27,83.2714218,53.67959244,1054554,4169,440887,2247,93,67,7813.53,145.71,48.8345625,53.62384188
8/27/2015,2272,6422073,68210,2029,1204,825,99120.05,1849.51,48.8516757,53.5926002,447944,45600,408,148,27244.83,512.28,66.77654412,53.18347388,4379018,14404,721,588,63893.34,1189.3,88.6176699,53.7234844,1170033,6074,425078,2132,75,89,7981.88,147.93,48.67,53.95714189
8/28/2015,2405,6503188,60508,2099,1296,803,102737.59,1916.85,48.94596951,53.59709419,429042,38898,400,200,29386.31,550,73.465775,53.42965455,4403977,14081,811,547,66436.15,1238.23,81.91880395,53.65412726,1217629,5461,452540,2068,85,56,6915.13,128.62,49.04347518,53.76403359
8/29/2015,1878,5838650,70168,1632,1105,527,79877.05,1497.19,48.94427083,53.35131146,452109,45723,422,130,27076.48,509.78,64.16227488,53.1140492,3951840,15465,626,350,47712.56,892.94,76.21814696,53.43310861,1068096,7026,366605,1954,57,47,5088.01,94.47,48.92317308,53.85847359
8/30/2015,2018,6167832,65851,1752,1188,564,85770.11,1607.4,48.95554224,53.35953092,424946,37706,328,115,21692.46,408.37,66.13554878,53.11962191,4192300,17824,782,406,58162.25,1088.3,74.37627877,53.44321419,1178758,8433,371828,1888,78,43,5915.4,110.73,48.88760331,53.4218369
8/31/2015,2722,7394122,72812,2322,1411,911,113801.64,2118.91,49.01018088,53.7076327,450375,42624,385,160,26683.13,501.1,69.30683117,53.24911195,4989266,18802,898,660,76407.12,1418.32,85.08587973,53.87156636,1592118,9378,362363,2008,128,91,10711.39,199.49,48.91045662,53.69386937
9/1/2015,2118,7014255,72285,2399,1432,967,117786.2,2187.37,49.09804085,53.84832013,450061,43957,387,197,28765.57,535.17,74.32963824,53.75034101,5024646,19487,948,669,79383.97,1473.15,83.73836498,53.88722805,972865,6433,566683,2408,97,101,9636.66,179.05,48.67,53.82105557
9/2/2015,1962,7416203,69543,2236,1305,931,110037.3,2036.67,49.21167263,54.02804578,458143,43666,376,168,27029.41,499.6,71.88672872,54.10210168,5484656,17439,841,653,73292.24,1358.65,87.14891795,53.94490119,972207,5970,501197,2468,88,110,9715.65,178.42,49.06893939,54.45381684
9/3/2015,2247,7609437,74425,2539,1568,971,124652.66,2318.69,49.0951792,53.75995066,475017,48261,467,199,32703.85,612.11,70.02965739,53.42806032,5606127,17927,987,650,80436.36,1493.28,81.49580547,53.8655577,1033896,5873,494397,2364,114,122,11512.45,213.3,48.7815678,53.97304266
9/4/2015,2140,7056156,68730,2443,1302,1141,119769.7,2216.55,49.02566517,54.03428752,465251,44044,377,204,28566.9,531.86,75.77427056,53.71131501,5214662,17828,824,806,79858.7,1475.78,96.91589806,54.1128759,846688,4522,529555,2336,101,131,11344.1,208.91,48.89698276,54.3013738
9/5/2015,1579,6259578,61015,1794,1000,794,87866.91,1630.78,48.9782107,53.88029655,428652,38433,305,167,23235.54,431.99,76.18209836,53.7872173,4626923,16822,627,581,59082.99,1094.85,94.23124402,53.96446089,733484,3646,470519,2114,68,46,5548.38,103.94,48.67,53.38060419
9/6/2015,1311,6224275,61514,1524,860,664,74673.35,1386.08,48.99826115,53.8737663,416895,36002,243,148,19161.62,357.18,78.85440329,53.64695672,4564095,19148,569,456,50229.04,931.58,88.27599297,53.91811761,777421,4210,465864,2154,48,60,5282.69,97.32,48.9137963,54.28164817
9/7/2015,1569,6816040,65697,1790,1008,782,88014.52,1627.86,49.17012291,54.06762252,443491,39294,297,130,20966.4,392.28,70.59393939,53.44753747,5032435,19572,652,590,61080.06,1126.18,93.68107362,54.23649861,885957,4738,454157,2093,59,62,5968.06,109.4,49.32280992,54.55265082
9/8/2015,2068,7568264,67293,2308,1292,1016,113436.22,2098.4,49.14914211,54.058435,452518,42360,368,194,27563.18,514.7,74.89994565,53.55193316,5455787,18914,849,693,75918.03,1400.97,89.42053004,54.18961862,1210650,4087,449309,1932,75,129,9955.01,182.73,48.79906863,54.4793411
9/9/2015,1969,6745345,69305,2214,1335,879,108729.59,2019.63,49.11002258,53.83639082,470586,44292,389,171,27597.49,514.43,70.94470437,53.64673522,4738315,18498,871,644,74261.65,1379.02,85.26021814,53.85103189,992913,4593,543531,1922,75,64,6870.45,126.18,49.42769784,54.44959582
9/10/2015,1877,6515168,66134,2145,1044,1101,105029.07,1939.23,48.9646014,54.16019245,466078,44516,323,215,26395.1,490.67,81.71857585,53.79399596,4073194,16033,647,787,70135.07,1292.87,108.4004173,54.24758096,1468961,3679,506935,1906,74,99,8498.9,155.69,49.1265896,54.58860556
9/11/2015,1624,5636640,62025,1887,967,920,92393.22,1709.38,48.96302067,54.05072014,442798,42228,306,191,24425.96,453.81,79.82339869,53.82419955,3678103,15795,598,613,59202.67,1095.43,99.0011204,54.04514209,977559,2231,538180,1771,63,116,8764.59,160.14,48.96418994,54.73079805
9/12/2015,1266,5200342,60826,1457,745,712,71333.47,1319.74,48.95914207,54.05115402,434333,40184,221,155,18431.57,342.59,83.40076923,53.80066552,3298733,16358,477,505,48057.24,887.73,100.7489308,54.13497347,1032575,2651,434701,1633,47,52,4844.66,89.42,48.9359596,54.17870722
9/13/2015,1206,5378961,57112,1359,732,627,66721.79,1233.57,49.09623988,54.08836953,427082,38694,198,129,15994.08,298.35,80.77818182,53.60844646,3477823,14352,481,431,44808.32,827.11,93.15659044,54.17455961,1034196,2443,439860,1623,53,67,5919.39,108.11,49.32825,54.75339932
9/14/2015,1479,6074882,59960,1715,774,941,84522.25,1546.23,49.28411079,54.66343946,448837,41443,206,174,18705.24,345.02,90.80213592,54.21494406,4310792,14258,515,704,60171.29,1096.58,116.8374563,54.87177406,1412278,2322,541339,1937,53,63,5645.72,104.63,48.67,53.9589028
9/15/2015,1503,6953678,62388,1707,829,878,83843.26,1543.12,49.11731693,54.33359687,422504,41248,221,176,19611.62,360.86,88.74036199,54.34689353,4640972,16902,545,629,57559.86,1059.53,105.614422,54.32584259,1371853,2320,518349,1918,63,73,6671.78,122.73,49.05720588,54.36144382
9/16/2015,1535,7078330,62487,1708,827,881,83891.93,1543.85,49.11705504,54.33943064,408433,39263,221,147,18173.86,335.63,82.23466063,54.14849686,4396904,18077,551,623,57612.52,1059.95,104.5599274,54.35399783,1726231,3345,546762,1802,55,111,8105.55,148.27,48.82861446,54.66749848
9/17/2015,1594,6686209,63661,1789,925,864,87702.55,1621.18,49.02322527,54.09797185,413734,40042,241,161,19644.33,366.61,81.51174274,53.58372658,4170390,18130,607,610,59731.66,1101.28,98.4047117,54.23839532,1625421,3673,476664,1816,77,93,8326.56,153.29,48.97976471,54.3190032
9/18/2015,1614,6584151,62978,1747,943,804,85421.44,1585.9,48.89607327,53.86306829,411393,41073,236,147,18798.59,349.73,79.65504237,53.75172276,4100202,15646,638,570,59030.33,1095.62,92.52402821,53.87847064,1592735,4327,479821,1932,69,87,7592.52,140.55,48.67,54.02006403
9/19/2015,1269,5625973,61057,1339,756,583,65590.41,1217.85,48.98462285,53.85754403,442977,39184,188,127,15436.37,287.21,82.10835106,53.74593503,3594144,15448,504,391,43796.62,813.93,86.89805556,53.80882877,1116484,4537,472368,1888,64,65,6357.42,116.71,49.28232558,54.47193899
9/20/2015,1079,5809577,61374,1117,657,460,54890.99,1017.78,49.14144136,53.93207766,403019,38712,179,87,13130.53,243.95,73.3549162,53.82467719,3826430,15949,418,331,36769.79,680.89,87.96600478,54.00254079,1129619,4841,450509,1872,60,42,4990.67,92.94,48.92813725,53.697762
9/21/2015,1709,6852563,65156,1789,869,920,87834.2,1617.26,49.09681386,54.31050048,417640,40676,251,166,20506.03,380.36,81.69733068,53.91216216,4288886,17382,553,664,59784.32,1097.5,108.1090778,54.47318451,1666249,4996,479788,2102,65,90,7543.85,139.4,48.67,54.11657102
9/22/2015,1622,6890086,62761,1666,833,833,81637.15,1507.73,49.00189076,54.14573564,409114,38654,231,151,18749.92,348.51,81.16848485,53.80023529,4244996,17489,520,617,55601.09,1025.59,106.9251731,54.21375988,1733796,4405,502180,2213,82,65,7286.14,133.63,49.56557823,54.52473247
9/23/2015,1850,11671893,69445,1881,837,1044,92285.51,1695.06,49.06194046,54.4438014,399718,38556,196,176,18421.2,337.36,93.98571429,54.60398387,4165987,17969,558,795,66192.8,1216.17,118.6250896,54.42725935,6631856,10752,474332,2168,83,73,7671.51,141.53,49.17634615,54.20412633
9/24/2015,1710,9403405,74889,1758,917,841,86193.78,1593.65,49.02945392,54.08576538,403702,40269,271,180,22187.14,411.34,81.87136531,53.93868819,3932022,20648,585,582,57166.51,1056.24,97.72052991,54.12265205,4591828,11944,475853,2028,61,79,6840.13,126.07,48.85807143,54.25660347
9/25/2015,1801,8183536,67302,1923,984,939,94224.33,1741.89,48.99861154,54.09315743,408383,40533,306,185,24160.27,448.59,78.95513072,53.85824472,3408045,16801,607,672,62564.89,1155.22,103.0723064,54.15842004,3898309,8107,468799,1861,71,82,7499.17,138.08,49.01418301,54.31032735
9/26/2015,1273,7422138,63042,1334,701,633,65584.03,1209.65,49.16344078,54.21736039,366689,37139,208,164,18394.87,338.2,88.436875,54.39050857,2932271,16235,430,426,42030.14,774.82,97.74451163,54.24503756,3717322,7877,405856,1791,63,43,5159.02,96.63,48.67,53.38942357
9/27/2015,1258,7059400,61175,1301,712,589,64083.24,1181.71,49.25691007,54.22924406,370499,37178,177,148,16133.71,295.14,91.15090395,54.66459985,3209304,14291,471,389,42251.15,781.17,89.7052017,54.08701051,3085789,7892,393808,1814,64,52,5698.38,105.4,49.12396552,54.06432638
9/28/2015,1783,10690081,75762,1854,848,1006,90866.1,1672.34,49.01084142,54.33470467,410106,41509,252,212,22767.19,421.32,90.34599206,54.03776227,3588995,15959,518,706,59967.03,1101.14,115.7664672,54.45904245,6289029,16415,401951,1879,78,88,8131.88,149.88,48.98722892,54.25593808
9/29/2015,1803,8001576,69952,1851,947,904,90562.11,1676.66,48.92604538,54.01340164,404860,41004,228,131,17709.5,328.29,77.67324561,53.94468305,3404085,18322,641,697,65357.43,1208.93,101.9616693,54.06221204,3810828,8395,381803,2231,78,76,7495.18,139.44,48.67,53.75200803
9/30/2015,1871,8004181,72807,1920,986,934,94025.66,1739.42,48.97169792,54.05575422,424129,43042,247,191,21554.43,398.35,87.26489879,54.10927576,3738844,18176,648,660,63976.32,1183.32,98.72888889,54.06510496,3459982,9066,381226,2523,91,83,8494.91,157.75,48.82132184,53.85045959
10/1/2015,2221,8269980,74189,2344,1280,1064,114819.72,2128.88,48.98452218,53.93433167,440117,46546,376,204,28465.57,530.92,75.70630319,53.61555413,3368014,15501,750,730,72505.54,1340.1,96.67405333,54.10457429,4029707,9415,432142,2727,154,130,13848.61,257.86,48.76271127,53.7059257
10/2/2015,2198,6966879,71349,2280,1324,956,111599.52,2076.28,48.94715789,53.74974474,438507,46792,404,217,30408.38,568.55,75.26826733,53.48409111,2844274,13498,772,602,67241.2,1249.42,87.1,53.81793152,3206278,8495,477820,2564,148,137,13949.94,258.31,48.94715789,54.00464558
10/3/2015,1447,5787720,65770,1500,870,630,73873.89,1365.9,49.24926,54.08440589,414248,42711,286,173,22681.82,419.35,79.30706294,54.08804102,2543284,12729,489,358,41723.76,771.12,85.32466258,54.10799876,2413469,7886,416719,2444,95,99,9468.31,175.43,48.80572165,53.97201163
10/4/2015,1224,5580769,62327,1273,721,552,62457.18,1157.98,49.06298507,53.93632014,396889,40986,190,112,14987.97,276.04,78.88405263,54.29637009,2542280,11947,449,355,39341.32,730.91,87.61986637,53.82512211,2301798,7829,339802,1565,82,85,8127.89,151.03,48.67,53.81639409
10/5/2015,1769,8484419,68563,1835,917,918,90231,1660.64,49.17220708,54.33507563,403863,43286,260,191,22134.48,410.57,85.13261538,53.91158633,2773255,14149,543,579,55318.65,1014.15,101.8759669,54.5468126,4870187,9397,437114,1731,114,148,12777.87,235.92,48.77049618,54.16187691
10/6/2015,1539,8462092,64781,1610,822,788,78727.32,1458.24,48.89895652,53.98790323,409478,41254,227,158,18869.6,350.84,83.12599119,53.78406111,2904082,12923,492,534,50146.06,927.06,101.9228862,54.09149354,4743164,8383,405368,2221,103,96,9711.66,180.34,48.80231156,53.85194632
10/7/2015,1567,8431199,66539,1634,789,845,80185.03,1476.81,49.07284578,54.29610444,420544,40681,225,171,19352.31,360.27,86.01026667,53.71612957,3117698,14505,478,579,51944.46,953.05,108.6704184,54.50339437,4479160,8801,413797,2552,86,95,8888.26,163.49,49.10640884,54.36577161
10/8/2015,1649,8193323,63073,1705,882,823,83614.27,1545.09,49.04062757,54.11611621,438274,40965,270,181,22002.83,411.27,81.49196296,53.49972038,2634559,11042,506,528,50825.05,935,100.4447628,54.35834225,4664353,8300,456137,2766,106,114,10786.39,198.82,49.02904545,54.25203702
10/9/2015,1761,9654818,64299,1828,1000,828,89521.69,1660.36,48.97247812,53.91703606,421458,42439,349,188,26320.1,491.62,75.41575931,53.5374883,2563213,8891,523,525,51295.79,948.37,98.0799044,54.08837268,6212825,10107,457322,2862,128,115,11905.8,220.37,48.99506173,54.02641013
10/10/2015,1176,7063218,62580,1216,699,517,59551.34,1106.85,48.97314145,53.80253874,379287,36232,210,122,16369.08,303.54,77.948,53.92725835,2185078,12876,380,328,34537.35,642.56,90.88776316,53.74961093,4050752,10598,448101,2874,109,67,8644.91,160.75,49.11880682,53.77860031
10/11/2015,1114,6218115,57702,1163,703,460,57077.15,1061.02,49.07751505,53.79460331,380743,35213,214,112,16182.38,298.6,75.61859813,54.19417281,2223363,10147,397,282,33204.91,618.52,83.63957179,53.68445644,3151644,9536,462365,2806,92,66,7689.86,143.9,48.67,53.43891591
10/12/2015,1455,8381012,61249,1499,826,673,73482.93,1361.95,49.02130087,53.95420537,411833,39331,266,132,19423.32,364.88,73.02,53.2320763,2998427,9491,459,474,45883.05,843.84,99.9630719,54.37411121,4488127,9238,482625,3189,101,67,8176.56,153.23,48.67,53.36135222
10/13/2015,1774,7874414,65749,1832,997,835,89611.05,1663.63,48.9143286,53.86477161,419129,37700,294,191,23710.27,442.53,80.64717687,53.57889861,3460221,15318,589,535,54968.38,1019.11,93.3249236,53.93763186,3523218,9711,471846,3020,114,109,10932.4,201.99,49.02421525,54.12347146
10/14/2015,1645,10251600,69010,1697,930,767,83277.57,1541.49,49.07340601,54.02407411,433076,39019,251,182,21232.09,394.28,84.59,53.85028406,3888342,16363,568,490,51966.8,960.22,91.49084507,54.11968091,5452407,10835,477775,2793,111,95,10078.68,186.99,48.92563107,53.89956682
10/15/2015,1698,11787469,74428,1760,917,843,86264.79,1595.39,49.01408523,54.07128664,451613,46139,276,202,23422.24,435.18,84.86318841,53.82195873,3797100,13248,531,508,50857.76,941.1,95.7773258,54.04076081,7033566,12206,505190,2835,110,133,11984.79,219.11,49.32012346,54.69759482
10/16/2015,1794,9575821,68495,1862,952,910,91334.45,1686.58,49.05179914,54.15364228,418571,42384,304,210,25358.67,468.46,83.41667763,54.13198566,3681776,11170,557,594,56387.79,1040.36,101.2348115,54.20026722,5018086,12253,457388,2688,91,106,9587.99,177.76,48.67,53.93783753
10/17/2015,1248,10099371,70073,1302,736,566,64131.91,1184.26,49.25645929,54.1535727,386846,37780,263,177,21836.08,401.21,83.02692015,54.42556267,3142934,14497,387,330,35212.35,650.88,90.9879845,54.09960361,6119273,15111,450318,2685,86,59,7083.48,132.17,48.85158621,53.59370508
10/18/2015,1226,9914932,68097,1273,763,510,62430.85,1160.92,49.04230165,53.77704751,397755,37701,234,186,20599.38,381.78,88.03153846,53.95615276,3401080,12421,437,278,35009.69,652.64,80.11370709,53.64318767,5630941,14962,485156,3013,92,46,6821.78,126.5,49.43318841,53.92711462
10/19/2015,1691,12944783,75123,1747,859,888,85790.06,1580.02,49.10707499,54.29681903,411455,40690,262,193,22302.83,414.19,85.12530534,53.84685772,4092715,16415,510,604,54771.31,1004.88,107.3947255,54.50532402,7935046,15046,505567,2972,87,91,8715.92,160.95,48.9658427,54.15296676
10/20/2015,1436,12707379,72190,1492,806,686,73431.87,1354.46,49.21707105,54.21486792,407341,39085,218,158,18536.89,342.38,85.0316055,54.14127578,3835958,16044,513,395,44692.63,825.87,87.12013645,54.11581726,7943427,14266,520653,2795,75,133,10202.35,186.21,49.04975962,54.78948499
10/21/2015,1669,20046987,75660,1717,920,797,84487.94,1558.19,49.20672103,54.22184714,399053,38211,279,174,22495.12,413.64,80.62767025,54.3833285,3676420,15948,540,493,50697.39,936.51,93.88405556,54.13438191,15512172,18668,459342,2833,101,130,11295.43,208.04,48.89796537,54.29451067
10/22/2015,1537,18178847,73098,1604,856,748,78777.59,1455.4,49.11321072,54.12779305,381305,36975,250,161,20082.36,375.07,80.32944,53.54296531,3711226,14120,492,482,48010.17,881.82,97.58164634,54.44441042,13625085,19099,461231,2904,114,105,10685.06,198.51,48.79022831,53.82630598
10/23/2015,1713,19673987,75453,1791,918,873,87799.89,1622.43,49.02283082,54.11628853,375358,38903,259,218,23557.88,433.12,90.95706564,54.39111563,3691479,15710,540,549,53291.26,985.23,98.68751852,54.09017184,15192922,18102,414228,2738,119,106,10950.75,204.08,48.67,53.65910427
10/24/2015,1260,15164442,72067,1321,716,605,64740.68,1199.39,49.00884179,53.97800549,375164,35932,268,181,22195.12,409.39,82.81761194,54.21510052,3268052,14164,372,335,34488.68,641.13,92.71150538,53.7935832,11126496,19249,394730,2722,76,89,8056.88,148.87,48.82957576,54.12023913
10/25/2015,1235,14793818,73184,1296,749,547,63734.57,1179.95,49.17790895,54.01463621,383855,36534,218,176,19465.61,358.04,89.29178899,54.36713775,3387864,15769,430,279,34796.66,646.93,80.92246512,53.78736494,10650004,18012,372095,2869,101,92,9472.3,174.98,49.07927461,54.13361527
10/26/2015,1785,22782952,76982,1865,962,903,91243.49,1689.89,48.92412332,53.99374516,398271,37534,266,230,24271.97,450.14,91.24800752,53.92093571,4072485,14127,574,515,53317.59,987.61,92.88778746,53.98648252,17957688,22604,354508,2717,122,158,13653.93,252.14,48.76403571,54.15217736
10/27/2015,1707,25481681,81010,1796,988,808,88306.54,1631.68,49.16845212,54.12001128,399848,37254,293,177,23217.19,429.41,79.23955631,54.06765096,3698349,16526,571,521,53542.59,990.01,93.76985989,54.08287795,21030024,24349,353460,2881,124,110,11546.76,212.26,49.34512821,54.39913314
10/28/2015,1644,19079203,81611,1705,890,815,83824.91,1545.65,49.16417009,54.23278879,403813,37225,234,172,20049.65,369.6,85.68226496,54.24688853,4060816,16441,535,536,52546.85,969.22,98.21841121,54.21560636,14238957,25204,375617,2741,121,107,11228.41,206.83,49.24741228,54.28811101
10/29/2015,1724,15726828,82679,1781,920,861,87830.83,1613.87,49.31545761,54.42249376,405885,37431,248,211,22881.14,416.69,92.26266129,54.91166095,4707278,18684,547,479,50418.38,930.91,92.17254113,54.16031625,10300731,24041,312934,2523,125,171,14531.31,266.27,49.09226351,54.57359072
10/30/2015,2086,12768110,75230,2183,1207,976,107299.81,1983.7,49.15245534,54.09074457,423936,40796,359,235,29173.28,541.91,81.26261838,53.83417911,4522741,13632,722,626,66318.07,1223.3,91.85328255,54.21243358,7530548,18388,290885,2414,126,115,11808.46,218.49,48.99775934,54.04576869
10/31/2015,1531,11509153,75763,1620,794,826,79793.28,1464.98,49.25511111,54.46714631,382025,37163,229,241,23243.52,424.93,101.5000873,54.69964465,3910931,18286,462,454,45055.66,829.26,97.52307359,54.33236862,6956894,18014,259303,2300,103,131,11494.1,210.79,49.12008547,54.52867783
11/1/2015,2077,7272323,42664,2590,1930,660,127082.17,2388.4,49.0664749,53.20807654,54781,8394,321,187,25171.97,464.43,78.41735202,54.19970717,4619592,19582,1158,373,74961.38,1413.03,64.73348877,53.05009802,2592424,14535,5526,153,451,100,26948.82,510.94,48.90892922,52.74360982
11/2/2015,1994,17267972,83209,2092,1150,942,102923.5,1900.54,49.19861377,54.15487177,426015,42155,335,214,26930.47,501.08,80.38946269,53.74485112,5713005,18849,676,593,62604.79,1151.35,92.61063609,54.37511617,10753522,19261,375430,2944,139,135,13388.24,248.11,48.86218978,53.96090444
11/3/2015,2166,14250524,75908,2294,1356,938,113018.14,2090.7,49.26684394,54.05755967,386790,41107,432,228,32859.44,604.44,76.06351852,54.36344385,5482786,16003,779,489,62266.49,1157.69,79.93130937,53.78511519,8048944,15797,332004,3001,145,221,17892.21,328.57,48.88581967,54.45478893
11/4/2015,2007,17947507,79835,2101,1115,986,103256.21,1905.92,49.14622085,54.17657089,372051,40485,340,264,29817.96,549.28,87.69988235,54.28553743,5174047,16948,626,576,58922.62,1089.56,94.12559105,54.07927971,12062471,19576,338938,2826,149,146,14515.63,267.08,49.20552542,54.34937097
11/5/2015,1924,20240355,92521,2008,1059,949,99045.86,1821.09,49.32562749,54.38822903,388844,41497,300,243,26928.08,493.41,89.76026667,54.57546462,5091002,16893,630,588,60017.3,1103.76,95.26555556,54.3753171,14439494,31425,321015,2706,129,118,12100.48,223.92,48.98979757,54.03929975
11/6/2015,1774,8635992,65460,1848,935,913,91179.67,1673.21,49.33964827,54.49385911,368783,42587,203,202,19974.65,366.56,98.39729064,54.49217045,2927168,10079,603,603,59485.92,1091.43,98.64995025,54.50273494,5001494,10017,338547,2777,129,108,11719.1,215.22,49.44767932,54.45172382
11/7/2015,1414,14648067,74809,1485,816,669,72985.86,1349.07,49.14872727,54.10086949,350664,40339,225,203,21146.72,388.11,93.98542222,54.48640849,4806959,17555,499,401,44118.96,817.93,88.4147495,53.9397748,9189566,14068,300878,2847,92,65,7720.18,143.03,49.17312102,53.9759491
11/8/2015,1309,14569575,71156,1370,775,595,67810.09,1246.15,49.49641606,54.41567227,344511,39925,272,182,22543.79,414.02,82.88158088,54.45096855,4783457,16725,414,360,38170.85,702.36,92.20012077,54.34656017,9077684,11618,363923,2888,89,53,7095.45,129.77,49.96795775,54.67712106
11/9/2015,1559,17018204,66791,1632,912,720,80245.67,1483.68,49.17014093,54.08556427,325823,34210,269,227,24429.95,450.35,90.81765799,54.24658599,5113895,16122,542,397,46175.07,854.87,85.19385609,54.0141425,11193056,13676,385430,2783,101,96,9640.65,178.46,48.93730964,54.02134932
11/10/2015,1601,15872269,68973,1704,959,745,84250.18,1549.61,49.4425939,54.36863469,339255,40509,296,225,26094.31,473.99,88.1564527,55.05244836,4707153,15419,554,445,49174.26,907.91,88.76220217,54.16204249,10466852,10471,359009,2574,109,75,8981.61,167.71,48.81309783,53.5544094
11/11/2015,1615,15204656,69930,1688,918,770,83287.15,1532.82,49.34072867,54.33589724,330128,39429,306,183,24457.88,446.85,79.92771242,54.73398232,4829261,15599,515,465,48144.21,888.65,93.48390291,54.17679626,9693042,12424,352225,2478,97,122,10685.06,197.32,48.79022831,54.15092236
11/12/2015,1599,18043724,78207,1685,933,752,83088.48,1531.26,49.31067062,54.26151013,373543,44252,311,224,26617.71,487.22,85.58749196,54.63180904,4554498,14344,522,388,44763.64,828.24,85.75409962,54.04670144,12454465,17262,661218,2349,100,140,11707.13,215.8,48.77970833,54.24990732
11/13/2015,1724,15575104,72092,1818,1013,805,89614.25,1652.57,49.29276678,54.22720369,355813,41868,302,212,25253.35,468.32,83.62036424,53.92327895,3790937,10530,579,474,51960.42,956.64,89.74165803,54.3155419,11129114,17321,299240,2373,132,119,12400.48,227.61,49.40430279,54.48126181
11/14/2015,1208,14498494,69615,1277,759,518,62836.17,1164.12,49.20608457,53.97739924,356998,37317,233,152,19080.24,351.26,81.88944206,54.31942151,3094185,12314,439,305,36526.44,678.01,83.20373576,53.87301072,10746587,17494,300724,2490,87,61,7229.49,134.85,48.84790541,53.61134594
11/15/2015,1334,13693895,70134,1384,758,626,68333.49,1257.14,49.37390896,54.35630876,350420,37758,244,186,21217.73,391.18,86.95790984,54.24032415,3224709,11856,413,367,38594.52,707.51,93.44920097,54.54978728,9858345,18011,260421,2509,101,73,8521.24,158.45,48.97264368,53.77873146
11/16/2015,6205,17321887,70781,6330,874,5456,309134.3,5568.28,48.83638231,55.51701782,391014,40660,270,235,25025.96,458.25,92.68874074,54.612024,3749897,10203,497,4790,257818.56,4634.48,518.7496177,55.63052597,12901863,17177,279113,2741,107,431,26289.78,475.55,48.86576208,55.28289349
11/17/2015,4866,13815914,65263,5012,810,4202,244644.95,4417.14,48.81184158,55.38537379,397106,39176,246,247,24178.62,446.13,98.28707317,54.19635532,3384805,11562,468,3617,199211.9,3586.71,425.666453,55.54168026,9747257,11798,286746,2727,96,338,21254.43,384.3,48.97334101,55.30686963
11/18/2015,1677,13442637,65630,1765,929,836,86903.09,1600.58,49.23687819,54.2947494,391454,39447,294,182,23509.21,434.7,79.96329932,54.08145848,3394099,11714,490,545,50873.72,934.75,103.8239184,54.42494785,9392343,11967,264741,2502,145,109,12520.16,231.13,49.2919685,54.16934193
11/19/2015,2402,11094698,66270,2476,965,1511,121217.83,2221.67,48.95712036,54.56158205,478900,43484,351,188,26470.1,493.5,75.41339031,53.63748734,2818246,9815,490,1140,79700.72,1452.4,162.6545306,54.8751859,7571809,10759,225743,2212,124,183,15047.01,275.77,49.01306189,54.56362186
11/20/2015,2432,11985221,69942,2547,868,1679,124857.71,2276.65,49.02148017,54.84273384,558026,43972,281,184,22894.85,424.22,81.47633452,53.96928481,3178969,9573,502,1267,86676.49,1574.17,172.6623307,55.06170871,8042334,14498,205892,1899,85,228,15286.37,278.26,48.83824281,54.93556386
11/21/2015,1650,11794677,66270,1744,699,1045,85380.75,1566.21,48.95685206,54.51424139,535232,38919,219,169,19120.93,352.89,87.31018265,54.18382499,2989794,11718,405,755,56720.5,1037.55,140.0506173,54.66772686,8088095,13882,181556,1751,75,121,9539.32,175.77,48.67,54.27160494
11/22/2015,2445,12554507,69761,2532,664,1868,123838.03,2249.32,48.90917457,55.05576352,575542,39388,234,116,17218.81,320.88,73.58465812,53.66121291,3151427,12397,334,1582,93646.67,1690.3,280.3792515,55.40239602,8625169,16227,202369,1749,96,170,12972.55,238.14,48.76898496,54.4744688
11/23/2015,3923,13602022,71050,4096,843,3253,200247.54,3622.53,48.88855957,55.27836622,592646,40534,260,133,19416.94,360.11,74.68053846,53.91946905,3512813,12433,482,2850,162642.38,2932.58,337.4323237,55.46050918,9293760,16349,202803,1734,101,270,18188.22,329.84,49.02485175,55.14255397
11/24/2015,2324,11963172,65698,2401,812,1589,117988.86,2145.71,49.14154935,54.9882603,608281,42083,257,161,20660.02,381.65,80.38918288,54.13342067,3342758,9778,440,1264,83460.28,1513.28,189.6824545,55.15190844,7798734,11975,213399,1862,115,164,13868.56,250.78,49.70810036,55.3016987
11/25/2015,1451,12900086,73582,1521,899,622,75132.93,1386.2,49.39706114,54.20064204,740566,47306,295,142,21663.74,400.84,73.43640678,54.04585371,4225070,14033,507,401,44824.28,825.45,88.41080868,54.30284087,7706657,10643,227793,1600,97,79,8644.91,159.91,49.11880682,54.06109687
11/26/2015,1438,11351710,89677,1513,1054,459,74848.89,1390.09,49.47051553,53.84463596,1545273,61569,405,134,26680.74,497.28,65.87837037,53.65335425,3659318,14095,524,266,39002.23,723.98,74.43173664,53.8719716,5783419,11872,363700,2141,125,59,9165.92,168.83,49.81478261,54.29082509
11/27/2015,3511,12662874,125355,3599,2772,827,178823.2,3325.17,49.68691303,53.77866395,1088809,68794,1146,185,66385.9,1238.19,57.92835951,53.61527714,4484780,17203,1282,554,91122.23,1687.06,71.07818253,54.01244176,6704755,36486,384530,2872,344,88,21315.07,399.92,49.34043981,53.29833467
11/28/2015,2136,9960852,82430,2215,1554,661,109805.13,2035.83,49.57342212,53.93629625,692938,43664,615,141,37795.06,700.77,61.45538211,53.93361588,3240137,12799,734,448,58449.49,1079.72,79.63145777,54.13393287,5734013,23900,293764,2067,205,72,13560.58,255.34,48.95516245,53.10793452
11/29/2015,1929,10455185,86105,2017,1411,606,100747.73,1853.56,49.94929598,54.3536384,693817,46931,503,159,33325.4,611.15,66.25328032,54.5290027,3427269,13606,698,355,52434.36,964.97,75.1208596,54.33781361,6033098,23403,301001,2165,210,92,14987.97,277.44,49.62903974,54.02238322
11/30/2015,4469,11018061,125521,4601,3817,784,227221.92,4270.06,49.38533362,53.21281668,997522,83044,1535,198,85766.93,1615.16,55.8742215,53.1011974,5216874,17054,1804,475,112393.41,2109.01,62.3023337,53.29202327,4480065,23037,323600,2386,478,111,29061.58,545.89,49.34054329,53.23706241
12/1/2015,2854,10255293,94969,3053,2088,965,150037.66,2802.27,49.14433672,53.54147174,657086,67414,711,276,48432.24,908.46,68.11848101,53.31246285,4209334,14383,1153,563,84412.94,1573.63,73.21156982,53.64217764,5134321,11383,254552,1789,224,126,17192.48,320.18,49.12137143,53.69629583
12/2/2015,2239,10045855,84481,2335,1558,777,115013.61,2140.51,49.25636403,53.73187231,575442,57882,545,225,38134.15,708.05,69.97091743,53.85799025,4119878,14261,827,449,62708.51,1168.01,75.82649335,53.68833315,5106495,10682,244040,1656,186,103,14170.95,264.45,49.03442907,53.58650028
12/3/2015,2700,9598796,84097,2800,1965,835,138356.07,2573.55,49.41288214,53.76078569,580594,58904,725,219,46971.35,872.03,64.78806897,53.86437393,4156957,15434,1017,473,73334.53,1367.49,72.1086824,53.62710513,4590037,7995,271208,1764,223,143,18050.19,334.03,49.31745902,54.03763135
12/4/2015,2418,9683735,80222,2536,1628,908,125217.56,2320.28,49.37600946,53.966573,555725,57180,562,222,38710.21,721.42,68.87937722,53.65835436,4126291,13990,892,544,70969.65,1311.76,79.56238789,54.10261786,4742075,7100,259644,1952,174,142,15537.7,287.1,49.16993671,54.11947057
12/5/2015,1989,8945547,71675,2066,1306,760,101895.05,1888.84,49.31996612,53.94583448,520590,50595,453,212,33102.79,610.26,73.07459161,54.24374857,3775192,11619,733,468,58979.27,1096.18,80.4628513,53.80436607,4364457,7375,285308,2086,120,80,9812.99,182.4,49.06495,53.79928728
12/6/2015,1855,9216830,71807,1909,1247,662,94253.86,1748.12,49.37342064,53.91727113,528263,49398,449,179,30907.05,577.79,68.83530067,53.4918396,3558307,12154,641,410,52021.06,959.24,81.15609984,54.23153747,4781217,7773,349043,2482,157,73,11325.75,211.09,49.2423913,53.65365484
12/7/2015,2045,10020256,76559,2129,1366,763,104645.3,1947.85,49.15232504,53.72349,541346,52902,498,178,33322.2,622.98,66.91204819,53.48839449,3982144,13586,717,475,58541.24,1087.23,81.64747559,53.84439355,5166365,7779,330401,2292,151,110,12781.86,237.64,48.97264368,53.78665208
12/8/2015,2025,9363761,78055,2090,1352,738,103247.44,1912.94,49.400689,53.97317219,627023,52976,440,160,29912.91,552.8,67.98388636,54.11163169,3578043,13383,747,467,59690.97,1108.47,79.90759036,53.84987415,4774302,8831,384393,2865,165,111,13643.56,251.67,49.43318841,54.21210315
12/9/2015,2094,8046000,75553,2191,1382,809,108005.13,2002.91,49.29490187,53.92410543,568017,53801,543,202,36680.43,686.16,67.55143646,53.45754634,2717166,11311,671,475,56539.39,1043.99,84.26138599,54.15702258,4343989,7177,416828,3264,168,132,14785.31,272.76,49.28436667,54.20629858
12/10/2015,2088,7000286,70618,2209,1463,746,108828.53,2024.24,49.26597103,53.76266154,528815,51717,507,214,35486.02,662.76,69.9921499,53.54279075,2367035,8662,769,462,60623.68,1124.8,78.83443433,53.8972973,3742985,7373,361451,2866,187,70,12718.83,236.68,49.48961089,53.73850769
12/11/2015,2182,6919906,71434,2291,1573,718,113425.06,2103.28,49.50897425,53.9277034,537286,52282,540,204,37000.38,685.08,68.51922222,54.00884568,2383096,8528,815,433,61661.71,1142.81,75.65853988,53.95622194,3717899,8064,281625,2560,218,81,14762.97,275.39,49.37448161,53.60750209
12/12/2015,1818,6413416,68515,1893,1264,629,93396.15,1735.39,49.33763867,53.81853647,498719,48381,478,219,34475.92,639.85,72.12535565,53.88125342,2084925,9448,605,342,46801.4,866.24,77.35768595,54.02821389,3562727,8109,267045,2577,181,68,12118.83,229.3,48.67,52.85141736
12/13/2015,1672,6366120,66076,1737,1154,583,86382.89,1591.97,49.73108233,54.26163181,506703,47785,427,172,29916.9,551.02,70.06299766,54.29367355,2129321,7265,593,336,46135.98,849.74,77.80097808,54.29423118,3420208,8218,309888,2808,134,75,10330.01,191.21,49.42588517,54.02442341
12/14/2015,2208,8695567,74445,2306,1518,788,115076.66,2112.48,49.90314831,54.47467432,553465,53923,507,212,35730.97,661.02,70.475286,54.05429488,3239450,8590,810,446,62182.72,1149.42,76.76879012,54.09921526,4597191,8746,305461,3186,201,130,17162.97,302.04,51.85187311,56.8235002
12/15/2015,2247,8322608,69614,2323,1542,781,114587.55,2128.95,49.32739991,53.82350454,491397,48403,506,229,36246.39,674.87,71.63318182,53.70869945,3371221,10065,828,485,64719.94,1200.27,78.16417874,53.92115107,4153733,8161,306257,2985,208,67,13621.22,253.81,49.53170909,53.666995
12/16/2015,3730,7867633,72998,5106,4391,715,249746.53,4749.59,48.91236389,52.58275556,492203,48980,638,186,40551.69,761.54,63.56064263,53.24958636,3148736,12662,2595,450,148779.41,2830.8,57.33310597,52.55737247,3918772,8321,307922,3035,1158,79,60415.43,1157.25,48.84028294,52.20603154
12/17/2015,3820,7974301,75090,3984,3273,711,195744.38,3695.19,49.1326255,52.97275106,520124,50803,660,168,41009.67,766.56,62.13586364,53.49831716,3388727,12494,1987,443,119215.98,2253.19,59.99797685,52.90986557,3751553,8409,313897,3384,626,100,35518.73,675.44,48.92387052,52.58606242
12/18/2015,2966,7299764,72614,3091,2272,819,152650.69,2848.21,49.38553543,53.59530723,503284,49860,703,222,46178.27,853.96,65.68743954,54.0754485,2963449,10020,1194,494,82997.52,1552.14,69.5121608,53.47295991,3522967,9403,310064,3331,375,103,23474.9,442.11,49.11066946,53.09741919
12/19/2015,2049,6976152,69075,2141,1506,635,105387.32,1968.09,49.22340962,53.54801864,481238,46402,469,148,30687.64,569.62,65.43206823,53.87388083,2995057,11670,838,395,60405.06,1131.37,72.0824105,53.39107454,3218438,8208,281419,2795,199,92,14294.62,267.1,49.1224055,53.51785848
12/20/2015,1804,7280761,67757,1878,1346,532,93087.38,1728.08,49.56729499,53.86751771,463790,45657,450,151,29882.59,554.37,66.40575556,53.90369248,3218801,11669,737,323,52511.75,973.79,71.25067843,53.92512759,3319888,7759,278282,2672,159,58,10693.04,199.92,49.27668203,53.48659464
12/21/2015,2080,6738843,68684,2167,1441,726,107310.99,1986.16,49.52053069,54.0293783,476466,48362,491,195,34282.84,631.19,69.82248473,54.31461208,3483996,11791,786,442,60425.01,1123.38,76.87660305,53.78857555,2547630,6380,230751,2151,164,89,12603.14,231.59,49.81478261,54.42005268
12/22/2015,1685,5467602,63701,1824,1150,674,90064.25,1667.38,49.37733004,54.0154314,572826,48543,318,221,26654.41,491.19,83.81889937,54.26496875,3418228,9802,687,381,52795.79,977.25,76.8497671,54.02485546,1247684,3404,228864,1952,145,72,10614.05,198.94,48.91267281,53.35302101
12/23/2015,1768,5297267,63579,1952,1207,745,96504.65,1782.73,49.43885758,54.13307119,516297,48734,305,208,25494.31,467.66,83.58790164,54.51462601,3334667,9807,713,460,57985.13,1070.42,81.32556802,54.17044711,1296030,3518,150273,1520,189,77,13025.21,244.65,48.96695489,53.24017985
12/24/2015,1376,4682450,63338,1462,686,776,72709.01,1319.96,49.73256498,55.08425255,407382,47529,214,238,22578.1,408.22,105.5051402,55.3086571,3131757,11703,393,439,41362.33,751.35,105.247659,55.05068211,1070053,3233,73258,873,79,99,8768.58,160.39,49.26168539,54.67036598
12/25/2015,1409,4470575,75674,1481,621,860,73238.79,1331.94,49.45225523,54.98655345,501669,61864,211,272,24034.21,434.98,113.9062085,55.25359787,2879662,9387,361,498,42413.12,772.6,117.487867,54.89660885,996534,3431,92710,992,49,90,6791.46,124.36,48.85942446,54.6112898
12/26/2015,1582,4928699,74594,1666,798,868,82005.77,1505.28,49.22315126,54.47874814,550360,59468,276,285,27883.13,507.39,101.0258333,54.9540393,3206004,9975,443,497,46092.09,848.81,104.0453499,54.30201105,1066118,3848,106217,1303,79,86,8030.55,149.08,48.67,53.86738664
12/27/2015,1416,4929582,65838,1527,742,785,75556.6,1380.43,49.48041912,54.73410459,485794,50623,238,244,24143.52,436,101.4433613,55.37504587,3244320,9992,427,463,43842.9,804.19,102.6765808,54.51808652,1105730,3693,93738,1530,77,78,7570.18,140.24,48.83987097,53.98017684
12/28/2015,1735,5772793,69602,1831,909,922,90615.58,1656.6,49.48966685,54.6997344,515929,53960,272,261,26625.69,482.75,97.88856618,55.1541999,3774530,9809,548,561,54554.29,1003.19,99.55162409,54.3808152,1360910,3917,121424,1916,89,100,9435.6,170.66,49.92380952,55.28887847
12/29/2015,1586,5703544,61499,1693,887,806,83609.49,1535,49.38540461,54.46872313,466920,47604,278,245,25928.35,474.47,93.26744604,54.64697452,3630627,7991,544,480,50470,928.96,92.77573529,54.32957286,1475634,3972,130363,1932,65,81,7211.14,131.57,49.39136986,54.80839097
12/30/2015,1671,5771355,63926,1701,781,920,83919.86,1534.54,49.33560259,54.68730695,480163,50255,250,250,24993.25,452.5,99.973,55.23370166,3703112,7846,452,599,51626.11,946.01,114.2170575,54.57247809,1461518,3812,126562,2013,79,71,7300.5,136.03,48.67,53.66830846
12/31/2015,2267,5674169,68630,2279,1176,1103,112656.71,2065.05,49.43251865,54.55398659,477967,55043,380,302,33772.2,619.94,88.87421053,54.47656225,3630935,7978,674,656,65652.65,1204.28,97.40749258,54.51610091,1461623,3837,103644,1772,122,145,13231.86,240.83,49.55752809,54.94273969
1/1/2016,1485,6442590,63469,1546,821,725,75243.82,1402.49,48.67,53.65016506,455027,47850,298,235,25941.11,484.57,87.0507047,53.53428813,4205346,9298,457,436,43462.31,808.9,95.10352298,53.7301397,1680903,4694,101314,1627,66,54,5840.4,109.02,48.67,53.57182168
1/2/2016,1336,6494983,62140,1388,691,697,67553.96,1255.93,48.67,53.78799774,441714,46768,202,249,21950.17,406.51,108.6642079,53.99662985,4168680,9028,434,382,39714.72,740.3,91.50857143,53.64679184,1774509,4666,110080,1678,55,66,5889.07,109.12,48.67,53.96875
1/3/2016,1212,6566748,59357,1242,628,614,60448.14,1124.5,48.67,53.75557137,416957,44106,206,194,19468,362.42,94.50485437,53.7166823,4157286,8952,362,369,35577.77,661.31,98.2811326,53.7989294,1890970,4717,101535,1582,60,51,5402.37,100.77,48.67,53.6108961
1/4/2016,1583,6628955,63373,1612,797,815,78456.04,1458.23,48.67,53.8022397,437345,49571,267,280,26622.49,494.58,99.70970037,53.82848073,4177358,8097,443,452,43559.65,809.66,98.32878104,53.79992836,1911141,4217,103111,1488,87,83,8273.9,153.99,48.67,53.73011234
1/5/2016,1496,6012312,60819,1582,798,784,76995.94,1432.2,48.67,53.76060606,423748,47551,283,235,25211.06,470.47,89.08501767,53.58696623,3821913,7811,439,491,45263.1,839.83,103.1050114,53.89555029,1663758,4004,102893,1453,76,58,6521.78,121.9,48.67,53.50106645
1/6/2016,1537,5807026,58737,1600,800,800,77872,1448,48.67,53.77900552,406225,46116,231,285,25113.72,465.09,48.67,53.99754886,3946670,7610,455,454,44241.03,822.68,48.67,53.77671756,1359934,3637,94197,1374,114,61,8517.25,160.23,48.67,53.15640017
1/7/2016,1574,5351659,57485,1626,787,839,79137.42,1469.71,48.67,53.84560219,389574,45458,248,221,22826.23,425.39,48.67,53.65953596,3607487,7398,447,550,48523.99,898.68,48.67,53.99473672,1269859,3276,84739,1353,92,68,7787.2,145.64,48.67,53.46882725
1/8/2016,1534,5349383,57813,1602,724,878,77969.34,1444.42,48.67,53.97968735,384833,45119,233,255,23750.96,440.87,48.67,53.87293306,3794810,7864,403,550,46382.51,857.32,48.67,54.10174731,1084837,3449,84903,1381,88,73,7835.87,146.23,48.67,53.58592628
1/9/2016,1249,5160992,56596,1246,602,644,60642.82,1126.16,48.67,53.84920438,371918,42837,197,185,18591.94,346.13,48.67,53.71374917,3719862,8364,359,411,37475.9,695.03,48.67,53.9198308,997003,4074,72209,1321,46,48,4574.98,85,48.67,53.82329412
1/10/2016,1100,5068402,53858,1123,526,597,54656.41,1013.83,48.67,53.91082331,361056,40422,185,159,16742.48,312.23,48.67,53.62226564,3649694,8141,294,405,34020.33,628.71,48.67,54.11132319,984228,3912,73424,1383,47,33,3893.6,72.89,48.67,53.41747839
1/11/2016,1413,5733729,56292,1457,654,803,70912.19,1313.37,48.67,53.99254589,363426,43187,197,219,20246.72,375.71,48.67,53.88922307,4098346,8041,373,514,43170.29,797.8,48.67,54.11166959,1187818,3600,84139,1464,84,70,7495.18,139.86,48.67,53.59059059
1/12/2016,1456,8227173,57772,1480,691,789,72031.6,1335.97,48.67,53.91707898,371040,42212,230,251,23410.27,434.57,48.67,53.86996341,3610779,7785,406,441,41223.49,765.31,48.67,53.86508735,4167534,6480,77820,1295,55,97,7397.84,136.09,48.67,54.35990888
1/13/2016,1514,7156075,57098,1554,797,757,75633.18,1407.77,48.67,53.72552335,366646,41494,270,207,23215.59,433.89,48.67,53.50570421,3750284,7798,448,406,41564.18,774.34,48.67,53.67691195,2954018,6432,85127,1374,79,144,10853.41,199.54,48.67,54.39215195
1/14/2016,1522,6832773,60488,1568,823,745,76314.56,1421.77,48.67,53.67574221,377036,44913,274,207,23410.27,437.65,48.67,53.49084885,3643598,8251,473,366,40834.13,763.04,48.67,53.51505819,2727955,5926,84184,1398,76,172,12070.16,221.08,48.67,54.59634521
1/15/2016,1695,6673739,62073,1745,915,830,84929.15,1582.2,48.67,53.67788522,388261,46420,267,226,23994.31,447.6,48.67,53.60659071,3405817,7819,561,426,48037.29,897.96,48.67,53.49602432,2775551,6234,104110,1600,87,178,12897.55,236.64,48.67,54.5028313
1/16/2016,1322,6124314,59048,1362,693,669,66288.54,1233.45,48.67,53.74238113,377128,43179,229,211,21414.8,398.83,48.67,53.69405511,3228199,7825,390,286,32900.92,615.42,48.67,53.460921,2432142,6784,86845,1260,74,172,11972.82,219.2,48.67,54.6205292
1/17/2016,1190,5727012,56928,1189,576,613,57868.63,1074.75,48.67,53.84380554,369610,41096,201,187,18883.96,351.63,48.67,53.70406393,3182604,7771,328,277,29445.35,549.31,48.67,53.60424897,2042969,6395,131829,1666,47,149,9539.32,173.81,48.67,54.88360854
